3670 5476
961 465 981 523 2

888 551 1049 560 ...—

380 685 506 767 potest.
553 686 589 746 at
619 703 705 767 opus
736 681 831 745 istud
862 702 966 764 quam
996 681 1083 743 dura
1112 679 1281 763 fatalique
1310 680 1453 743 fortuna
1481 673 1556 744 con-

381 789 552 854 flictatum
577 789 622 852 sit
646 810 715 852 non
740 808 792 852 me
817 808 902 872 opus
919 790 971 851 est
987 787 1124 870 longius
1140 785 1314 871 persequi:
1338 807 1419 849 nam
1443 786 1556 851 lacera

380 896 520 960 illorum
550 896 716 960 librorum
746 896 909 972 membra,
935 915 1021 978 quae
1052 894 1210 958 manibus
1242 896 1409 971 tenemus,
1433 893 1469 956 id
1494 915 1556 958 nos

380 1004 464 1067 satis
483 1003 808 1068 commonefaciunt.
843 1003 903 1066 sed
920 1002 1077 1086 quamuis
1098 1001 1219 1066 misere
1239 1020 1288 1078 ea,
1313 1021 1401 1083 quae
1415 1001 1555 1065 Verrius

381 1113 629 1194 composuerat,
663 1109 758 1174 Festi
787 1109 955 1192 Paulique
987 1108 1150 1173 uiolentis
1187 1108 1344 1171 manibus
1375 1108 1556 1172 decurtata

381 1216 460 1294 sint,
490 1219 608 1280 tamen
637 1217 775 1300 pristini
805 1216 917 1300 operis
945 1216 1111 1300 reliquiae
1147 1215 1296 1300 plurima
1333 1235 1393 1278 nos
1430 1215 1555 1280 docent

380 1323 470 1387 scitu
494 1322 695 1406 dignissima
718 1343 922 1407 omnemque
945 1323 1178 1387 Romanorum
1210 1322 1455 1405 antiquitatem
1478 1322 1555 1385 illu-

380 1430 537 1494 strantia.
584 1451 651 1513 quo
679 1431 874 1494 accuratius
897 1452 980 1494 uero
1004 1429 1249 1494 Verrianorum
1277 1429 1444 1493 librorum
1468 1449 1554 1493 com-

381 1537 587 1621 positionem
618 1558 658 1601 ac
693 1541 854 1601 naturam
890 1537 1159 1622 pernouerimus,
1189 1557 1228 1601 eo
1265 1537 1373 1619 magis
1407 1536 1554 1600 utilitati

380 1647 519 1708 nostrae
544 1664 601 1708 eos
625 1645 813 1708 seruituros
837 1647 946 1728 patet.
992 1645 1109 1727 itaque
1133 1644 1339 1727 quicumque
1372 1645 1426 1706 his
1457 1644 1555 1707 libris

380 1771 520 1836 operam
536 1751 707 1816 dederunt
723 1735 947 1815 intentiorem
963 1751 1052 1813 nihil
1075 1751 1148 1814 fere
1165 1750 1340 1833 antiquius
1357 1751 1555 1814 habuerunt

380 1879 483 1941 quarn
514 1842 553 1921 ut
584 1858 802 1922 librariorum
832 1858 965 1922 mendis
996 1857 1142 1921 sublatis
1173 1857 1355 1940 uerbisque
1379 1858 1555 1942 scriptoris

380 1965 517 2049 penitus
552 1965 741 2029 intellectis
776 1965 882 2049 probe
917 1965 1107 2029 enodarent
1142 1986 1209 2048 quo
1249 1965 1393 2029 consilio
1429 1965 1555 2028 ductus

380 2093 480 2155 quem
505 2073 659 2136 ordinem
685 2074 884 2155 persecutus
901 2071 1093 2155 quibusque
1116 2072 1272 2136 fontibus
1297 2073 1443 2135 satiatus
1460 2071 1554 2134 Flac-

380 2199 440 2243 cus
463 2182 517 2243 tot
541 2178 637 2243 milia
659 2200 774 2243 rerum
797 2179 1028 2263 pertractarit.
1076 2184 1179 2262 atquc
1210 2179 1359 2243 maxima
1389 2198 1465 2241 cum
1490 2178 1554 2240 uir-

379 2289 456 2350 tute
479 2287 516 2349 in
540 2287 605 2350 hoo
629 2306 749 2370 campo
772 2286 903 2350 uersati
931 2290 1012 2349 sunt
1043 2307 1121 2349 cum
1145 2284 1340 2350 Odofredus
1364 2284 1554 2350 Muellerus

379 2388 464 2454 tum'
490 2395 571 2456 ante
606 2393 669 2455 hos
703 2393 866 2456 undecim
904 2412 1012 2456 annos
1050 2392 1219 2456 Ricardus
1253 2391 1552 2468 Reitzensteinius,

380 2499 477 2563 cuius
502 2498 745 2563 Verrianarum
770 2499 1011 2582 quaestionum
1042 2499 1182 2563 libellus
1207 2499 1392 2582 diligenter
1419 2502 1455 2562 et
1479 2520 1554 2563 acu-

379 2604 510 2670 tissime
519 2606 729 2689 compositus
742 2607 927 2670 maximam
940 2607 993 2670 his
1005 2607 1108 2671 rebus
1122 2606 1251 2671 adtulit
1263 2606 1375 2671 lucem
1390 2605 1554 2670 omnium·

379 2731 445 2795 que
468 2710 553 2775 tulit
576 2713 751 2795 suffragia.

484 2817 602 2883 Telam
632 2841 653 2882 a
681 2819 950 2885 Reitzensteinio
984 2824 1057 2883 tam
1093 2840 1254 2904 prospere
1286 2822 1444 2902 coeptam
1475 2840 1554 2883 curn

379 2926 567 3010 producere
602 2926 706 3009 paulo
745 2925 882 3010 longius
923 2929 1109 2991 conaturus
1145 2927 1223 3002 sim,
1260 2925 1555 3009 praemonendum

379 3032 465 3096 mihi
481 3032 622 3098 uidetur
646 3033 805 3097 omnibus
830 3033 937 3110 libris,
963 3033 1022 3116 qui
1039 3034 1102 3097 sub
1120 3033 1215 3097 uesci
1231 3032 1399 3116 Paulique
1415 3031 1554 3096 nomine

379 3140 549 3217 feruntur,
575 3139 781 3222 paucissima
796 3142 934 3203 tantum
961 3140 1139 3216 contineri,
1164 3161 1250 3221 quae
1270 3160 1291 3203 a
1303 3139 1423 3203 Verrio
1440 3139 1555 3202 aliena

379 3246 458 3310 sint.
493 3268 572 3309 nam
592 3246 731 3310 Festum
750 3246 926 3311 leuissima
947 3247 1116 3329 quaedam
1140 3266 1247 3329 eaque
1271 3245 1414 3329 cognitu
1435 3245 1555 3309 facilia

380 3353 553 3418 addidisse
568 3353 858 3418 Reitzensteinius
875 3354 1005 3438 optime
1022 3353 1182 3437 probavit
1199 3350 1241 3435 (p.
1253 3356 1375 3414 7—22.
1396 3347 1553 3434 104-7).

379 3460 509 3525 Paulus
540 3461 568 3523 si
598 3460 668 3524 alia
696 3460 832 3524 ratione
859 3482 941 3525 usus
965 3462 1064 3536 esset,
1090 3462 1182 3524 certe
1205 3460 1243 3522 in
1267 3459 1426 3544 epistula,
1451 3480 1554 3542 quam

380 3567 474 3651 operi
498 3587 559 3631 suo
583 3568 770 3652 praemisit,
796 3567 868 3631 eius
892 3567 1102 3630 mentionem
1132 3567 1282 3632 fecisset.
1325 3567 1417 3631 iusto
1447 3566 1555 3648 igitur

379 3675 453 3738 iure
469 3674 658 3738 Muellerus
682 3694 761 3739 eum
784 3674 874 3737 nihil
897 3673 964 3737 nisi
980 3693 1091 3757 pauca
1114 3675 1293 3757 quaedam,
1319 3672 1436 3757 qualia
1454 3673 1554 3736 istius

379 3780 505 3846 aetatis
528 3781 764 3862 grammaticis
789 3785 949 3865 prompta
964 3784 1153 3864 parataque
1170 3801 1243 3844 esse
1267 3779 1435 3855 solebant,
1462 3779 1555 3842 Festi

381 3888 497 3952 uerbis
521 3887 704 3951 adfinxisse
722 3888 841 3953 docuit
865 3885 907 3972 (p.
925 3883 1057 3970 XXXII)
1069 3885 1100 3968 1).
1139 3887 1256 3970 itaque
1279 3885 1340 3949 ubi
1364 3906 1405 3950 ea
1428 3886 1471 3949 ab
1494 3885 1556 3949 illo

380 3995 510 4058 tradita
541 3997 632 4070 sunt,
662 4014 748 4077 quae
771 3995 915 4059 ueritati
942 3998 1061 4078 aperte
1083 3994 1156 4057 uim
1184 3994 1347 4070 inferant,
1379 4014 1449 4057 non
1480 4014 1556 4057 con·

379 4102 478 4165 tinuo
514 4102 696 4165 adfirmare
732 4099 815 4166 licet
846 4122 924 4166 eum
955 4100 1042 4164 talia
1073 4121 1115 4164 ex
1146 4100 1290 4164 aliorum
1323 4100 1421 4164 libris
1453 4100 1555 4164 inter·

380 4207 525 4292 polasse.
577 4228 620 4273 en
656 4208 822 4292 exempla.
877 4208 1005 4271 Paulus
1041 4207 1230 4272 identidem
1267 4207 1447 4272 adfirmare
1485 4227 1555 4270 non

382 4315 521 4378 dubitat
545 4309 589 4397 (p.
604 4319 696 4392 49,3.
715 4319 766 4393 54,
777 4311 806 4396 7)
830 4315 994 4379 Romanis
1024 4315 1132 4380 fuisse
1156 4315 1268 4379 curias
1291 4315 1438 4399 triginta
1460 4315 1555 4397 quin·

488 4557 508 4628 ¹)
527 4556 623 4627 Nuper
642 4558 677 4612 de
702 4558 743 4627 iis,
765 4576 836 4628 quae
854 4558 957 4612 Paulus
984 4557 1099 4626 addidit,
1119 4560 1272 4614 accuratius
1297 4557 1424 4614 disseruit
1443 4557 1472 4614 0.
1491 4557 1559 4612 Neff

380 4648 411 4701 dc
429 4649 516 4701 Paulo
534 4650 645 4701 diacum
662 4651 737 4704 Fati
753 4652 922 4718 epitonmtorc
941 4648 1021 4720 (Dias.
1041 4647 1117 4716 Lips.
1145 4647 1283 4720 Erlangae
1303 4650 1383 4720 1891>
1402 4667 1430 4718 p.
1448 4651 1491 4704 46.
1511 4652 1555 4704 53.
