3670 5476
867 457 1026 554 A

363 664 465 728 Festo
482 665 634 730 Puulcue
653 669 817 730 seruatas.
857 666 916 729 sed
940 666 1005 729 iste
1030 687 1129 748 quem
1155 666 1239 730 dicit
1257 685 1440 729 consensus
1460 667 1531 727 tarn

362 771 514 835 incertus
530 793 639 855 uagus
656 773 894 854 fluctuansque
911 776 972 848 est,
991 775 1031 835 ut
1046 772 1150 836 facile
1167 773 1352 836 concedam
1364 771 1534 836 Victorini

363 879 540 944 doctrinae
571 881 719 963 uestigia
748 881 815 943 iam
847 881 938 964 apud
964 879 1121 943 Verrium
1158 880 1333 963 adparere,
1370 882 1406 942 at
1436 878 1533 942 nullo

364 990 465 1070 pacto
495 987 532 1049 in
563 987 714 1050 animum
746 988 909 1051 inducere
945 987 1071 1070 possim
1094 987 1254 1050 Verrium
1285 1009 1305 1050 a
1335 987 1446 1050 Mario
1482 1007 1534 1051 ex·

363 1094 530 1177 scriptum
554 1115 636 1158 esse.
684 1095 817 1158 accedit
848 1095 939 1176 quod
971 1116 991 1156 a
1021 1095 1170 1158 ueritate
1202 1115 1340 1178 prorsus
1371 1094 1534 1158 abhorret

364 1202 500 1265 credere
526 1200 685 1265 Verrium
720 1201 806 1264 talia
840 1201 1014 1284 scripsisse
1049 1201 1165 1284 qualia
1200 1202 1292 1285 apud
1317 1200 1534 1265 Victorinum

362 1309 526 1392 legimus:
560 1307 713 1390 Nigidius
737 1307 875 1389 Fipalus
904 1307 939 1370 in
964 1307 1198 1372 comarcnluriis
1221 1307 1289 1371 sciis
1312 1329 1368 1372 nec
1390 1307 1410 1370 l„-
1427 1307 1536 1388 posuit

363 1437 418 1480 ricc
447 1437 466 1496 q
497 1437 552 1480 aec
579 1436 601 1477 :r
631 1414 675 1496 (p.
695 1421 724 1496 8,
742 1421 779 1479 16
805 1415 850 1478 K.
876 1416 916 1494 cf.
937 1437 970 1496 p.
989 1411 1129 1498 21,3).1)
1160 1451 1204 1460 —--
1235 1414 1343 1478 Diuus
1373 1415 1536 1497 Aupnslas
1577 1407 1580 1410 ”

360 1522 504 1604 practico
527 1544 603 1588 cusu
626 1522 720 1586 huius
743 1524 849 1586 doctos
871 1543 957 1587 meae
974 1543 1035 1604 per·
1058 1543 1084 1602 o,
1114 1543 1178 1586 noa
1201 1528 1236 1586 ut
1258 1542 1315 1585 cos
1333 1543 1393 1602 per
1415 1543 1438 1584 a
1461 1521 1535 1586 litte-

363 1651 434 1694 rum
468 1629 604 1711 scripsit.
663 1631 817 1710 Messala,
853 1629 986 1709 Bruma,
1022 1629 1169 1710 Aprr'ppc
1198 1649 1260 1710 pro
1295 1650 1403 1693 sumus
1437 1628 1536 1693 smera

362 1737 556 1818 scripserunt
571 1734 614 1822 (p.
629 1743 687 1815 9‚4
705 1735 772 1817 K).
804 1738 891 1801 tales
908 1757 1017 1820 nugas
1035 1737 1219 1801 Suetonius
1236 1737 1383 1821 posteris
1398 1737 1535 1800 tradere

363 1846 451 1910 solet
468 1841 523 1925 (cf.
537 1844 620 1925 Aup.
636 1851 687 1908 87.
703 1842 771 1926 88);
798 1848 834 1908 at
846 1845 1005 1908 Verrium
1027 1845 1119 1908 idem
1137 1846 1178 1908 de
1196 1844 1397 1926 aequalibus
1413 1845 1535 1909 fecisse

363 1975 430 2017 non
463 1974 600 2038 possum
632 1975 650 2016 a
682 1975 735 2017 me
765 1953 949 2035 impetrare
980 1954 1020 2014 ut
1051 1952 1197 2016 credam.
1244 1951 1362 2033 itaque
1387 1951 1537 2034 Schadyi
1592 2013 1593 2018 ,

365 2061 598 2124 coniecturam
628 2061 765 2123 missam
796 2060 964 2123 faciamus
997 2062 1035 2122 ut
1066 2059 1133 2121 iarn
1166 2058 1242 2121 aliis
1277 2061 1390 2122 motus
1426 2059 1537 2121 causis

363 2168 449 2231 feeit
478 2164 770 2248 Maekensenus2).
825 2167 881 2229 hic
912 2167 994 2230 item
1026 2167 1062 2228 in
1085 2165 1184 2229 Verri
1216 2166 1258 2228 de
1289 2165 1538 2248 orthographia

363 2274 469 2339 libros
499 2275 680 2357 inquisiuit
716 2278 751 2339 et
781 2295 862 2338 suae
894 2273 1122 2357 disputationi
1159 2273 1335 2356 praemisit
1369 2271 1538 2335 nonnulla

365 2382 490 2472 capita,
515 2383 551 2444 in
575 2383 699 2465 quibus
716 2363 765 2446 'de
790 2381 948 2446 omnibus
964 2381 1198 2444 Rornanorum
1220 2380 1454 2462 grammaticis
1475 2380 1538 2442 dis-

365 2489 456 2565 serit,
482 2491 540 2572 qui
565 2491 607 2553 de
631 2489 879 2573 orthographia
900 2489 1120 2571 scripserunt,
1145 2487 1181 2549 id
1198 2487 1289 2569 quod
1306 2486 1538 2570 gratissimum

365 2598 463 2661 nobis
486 2598 582 2662 fecit·
630 2600 665 2660 at
689 2598 813 2680 quibus
842 2598 1032 2660 commotus
1064 2595 1174 2658 causis
1206 2615 1275 2657 non
1307 2595 1348 2657 de
1374 2593 1539 2658 Suetonio

365 2725 499 2786 quoque
524 2705 630 2769 uerba
652 2705 747 2780 fecit,
773 2705 927 2787 quisine
953 2703 1058 2766 dubio
1082 2703 1118 2764 in
1143 2703 1236 2765 hunc
1261 2721 1400 2764 censum
1420 2701 1539 2763 admit-

365 2813 491 2876 tendus
529 2811 627 2876 erat?
665 2815 799 2876 sextum
837 2810 1082 2894 disputationis
1121 2811 1226 2890 caput
1263 2810 1355 2870 hunc
1387 2808 1539 2891 praefert

367 2919 526 2982 titulum:
553 2919 605 2982 De
622 2918 775 3001 reliquiis
789 2917 900 2982 Verrii
925 2919 967 2982 de
984 2903 1233 3000 orthographia
1256 2915 1422 2979 librorum
1448 2914 1540 2997 apud

368 3026 508 3089 Festum
533 3030 568 3090 et
593 3025 739 3089 Paulum
770 3025 933 3090 inuentis.
979 3025 1015 3086 in
1046 3025 1111 3088 hoc
1142 3023 1393 3087 Mackensenus
1423 3042 1540 3086 omnes

367 3134 462 3197 Festi
486 3133 653 3216 Paulique
685 3133 815 3216 glossas
847 3132 1048 3216 composuit,
1080 3151 1164 3214 quas
1196 3130 1335 3194 elibris
1361 3129 1403 3192 de
1428 3128 1540 3192 ortho-

369 3242 513 3325 graphia
540 3240 698 3304 Verrium
734 3240 984 3324 deprompsisse
1019 3239 1219 3302 arbitratur.
1281 3236 1430 3300 libenter
1465 3236 1541 3298 uiro

369 3350 470 3413 docto
510 3348 660 3411 concedo
698 3348 790 3412 inter
824 3349 886 3410 has
921 3347 1051 3429 glossas
1086 3346 1145 3407 uix
1184 3344 1292 3407 ullam
1331 3363 1413 3418 esse,
1453 3363 1540 3424 quae

370 3457 412 3520 ab
448 3456 501 3518 his
529 3455 628 3518 Verri
667 3454 763 3518 libris
803 3454 916 3518 aliena
955 3473 1026 3517 esse
1065 3453 1241 3528 uideatur,
1282 3472 1362 3513 nam
1401 3449 1541 3533 posteri·

370 3563 437 3626 oris
467 3583 601 3645 quoque
632 3563 756 3626 aetatis
787 3560 1003 3644 grammatici
1033 3560 1120 3623 talia
1152 3558 1308 3641 exempla
1332 3559 1539 3640 proponunt,

370 3691 457 3752 quae
488 3669 738 3732 Maekensenus
770 3668 955 3751 diligenter
989 3667 1137 3744 indicat;
1173 3669 1327 3729 attamen
1361 3664 1541 3727 adfirmare

370 3799 440 3841 non
464 3777 586 3840 dubito
610 3797 797 3858 numquam
821 3776 979 3838 futurum
1003 3775 1120 3850 fuisse,
1153 3777 1192 3836 ut
1223 3772 1299 3855 quis
1323 3770 1452 3855 glossas
1477 3772 1541 3833 hoc

372 3885 471 3948 modo
489 3886 668 3965 congestas
686 3904 726 3947 ex
741 3883 864 3946 iisdem
876 3882 974 3946 libris
986 3883 1123 3944 fluxisse
1137 3883 1306 3943 statueret
1318 3879 1385 3942 nisi
1398 3877 1542 3942 Suetoni

371 3994 561 4056 commotus
584 3991 794 4055 testimonio.
841 4011 919 4052 nam
950 3990 1014 4053 hae
1038 3989 1181 4071 glossae,
1214 3987 1311 4068 quasi
1335 3989 1447 4050 cestro
1471 4004 1542 4068 per·

372 4120 499 4176 eussae,
525 4119 585 4182 per
609 4118 726 4162 omnes
742 4097 937 4160 litterarum
954 4099 1069 4179 partes
1088 4115 1257 4177 nusquam
1274 4115 1343 4157 non
1360 4093 1542 4176 uagantur.

481 4383 500 4448 ¹)
522 4379 666 4449 Nigidium
691 4379 719 4430 in
744 4378 796 4430 hac
821 4395 851 4430 re
871 4377 1025 4430 Varronem
1045 4377 1170 4428 secutum
1190 4390 1246 4427 esse
1266 4377 1360 4427 monet
1377 4372 1544 4426 Ritschelius

372 4475 424 4539 (cp.
444 4477 470 4538 3,
483 4470 554 4537 377).

479 4560 499 4627 '·')
529 4560 568 4610 De
591 4561 682 4610 Verrii
705 4559 797 4609 Flacci
819 4558 896 4608 libris
930 4555 1145 4622 orthoprcphicis
1176 4553 1255 4621 (Dias.
1282 4552 1390 4607 lenens.
1435 4551 1544 4620 Lipsiae

373 4649 453 4718 1896)
472 4666 498 4716 p.
512 4652 555 4704 38.
