3670 5476
909 401 949 458 24

342 619 450 674 multis
480 618 620 674 dicendis
651 618 717 673 uim
747 619 961 673 armentorum
985 634 1004 673 a
1034 595 1165 691 priuatis
1190 618 1222 672 in
1246 617 1406 691 publicum
1429 635 1515 674 auer-

342 728 455 793 terant,
475 725 554 781 leuis
573 725 762 782 aestumatio
779 725 936 798 pecudum
955 725 988 780 in
1007 725 1108 780 multa
1126 724 1195 798 lege
1212 723 1245 782 O.
1258 725 1277 781 J
1280 725 1334 780 ulii
1353 725 1387 781 P.
1401 725 1515 798 Papirii

343 832 509 888 consulum
534 827 601 906 <a
620 830 725 899 430>
749 831 923 888 constituta
946 833 1003 887 est.
1051 827 1114 887 hos
1145 824 1302 888 eonsules
1333 824 1444 908 legem
1473 825 1515 889 de

343 932 473 996 multae
502 932 741 996 aestimatione
771 930 893 995 tulisse
924 933 1007 995 item
1032 931 1152 994 Liuius
1183 932 1339 995 scribunt
1363 926 1515 1013 (1313)

343 1043 378 1102 11
398 1039 584 1122 Dionysius
604 1034 667 1120 (10,
683 1034 746 1120 50).
782 1038 890 1102 Varro
915 1042 1030 1102 autem
1055 1058 1201 1121 eumque
1225 1041 1363 1102 secutus
1376 1038 1517 1101 Verrius

344 1147 433 1209 hanc
449 1145 561 1229 legem
574 1141 718 1229 Tarpeio
735 1148 770 1210 11
782 1145 927 1209 Aternio
944 1145 1142 1212 consulibus
1157 1145 1338 1208 uindicant
1353 1145 1517 1227 illamque

343 1253 465 1334 legem,
497 1273 598 1334 quam
624 1251 743 1316 Cicero
773 1253 895 1342 iisdem
924 1252 1122 1316 oonsulibus
1146 1252 1280 1326 tribuit,
1313 1274 1333 1314 a
1355 1252 1517 1315 Menenio

286 1355 289 1360 ’
345 1362 379 1422 11
404 1359 515 1422 Sestio
545 1358 653 1422 latam
686 1380 759 1423 esse
791 1360 986 1422 adfirmant.
1037 1380 1181 1442 quarum
1215 1359 1368 1422 omnium
1401 1358 1516 1442 legum

344 1466 433 1529 ratio
458 1487 534 1529 curn
566 1466 650 1530 mire
682 1467 825 1529 confusa
848 1469 884 1530 et
907 1465 1075 1550 impedita
1097 1466 1152 1542 sit,
1184 1467 1417 1530 Mommsenus
1442 1487 1516 1530 oon-

344 1573 548 1636 trouersiam
578 1573 629 1636 ita
653 1573 829 1650 diiudicat,
863 1577 902 1637 ut
926 1593 1043 1637 omnes
1066 1575 1129 1636 1118
1153 1573 1246 1655 leges
1271 1576 1516 1656 praeteream,

346 1701 447 1762 quarn
472 1679 583 1742 Iulius
608 1683 643 1744 et
668 1680 826 1762 Papirius
849 1680 1004 1756 tulerint,
1037 1680 1080 1743 ab
1105 1680 1354 1762 antiquitatum
1378 1681 1518 1764 scripto·

345 1787 440 1849 ribus
471 1787 635 1849 confictas
666 1807 738 1851 esse
769 1790 908 1850 censeat
918 1781 950 1867 1).
997 1786 1090 1850 ultro
1121 1808 1203 1851 uero
1233 1789 1399 1871 prooessit
1427 1788 1518 1851 Sam-

347 1913 464 1970 11118,
490 1893 549 1974 qui
570 1893 673 1956 etiarn
694 1895 783 1957 hanc
805 1893 917 1976 legem
937 1893 1138 1957 ementitam
1158 1914 1229 1958 esre
1250 1895 1429 1958 adfirmare
1449 1916 1515 1958 non
1586 1937 1587 1941 =

347 2000 517 2063 dubitarit
527 1994 560 2081 2).
599 2001 658 2082 qui
674 2001 740 2062 uiri
765 2001 859 2063 docti
882 2001 917 2062 in
935 2001 997 2064 has
1014 2000 1106 2084 leges
1122 2022 1192 2065 non
1209 2005 1391 2085 propterea
1406 2003 1517 2079 mode,

346 2107 437 2190 quod
461 2110 619 2191 pugnant
642 2109 733 2171 inter
756 2127 801 2184 81,
826 2110 897 2170 tarn
922 2107 1051 2191 rigidos
1075 2128 1156 2172 sese.
1172 2109 1420 2191 praestiterunt
1445 2131 1518 2172 1111-

235 2236 237 2240 ’
347 2235 448 2290 81118,
481 2215 540 2278 sed
571 2214 674 2278 etiam
705 2215 785 2297 quia
810 2214 1000 2291 sententiis,
1033 2236 1117 2297 quas
1146 2215 1200 2278 illi
1231 2217 1273 2279 de
1300 2237 1517 2278 nummorum

347 2323 440 2404 apud
463 2321 636 2384 Romanos
660 2321 791 2404 origine
816 2325 851 2384 11
875 2324 989 2385 111111
1018 2321 1123 2385 laturi
1154 2326 1262 2400 erant,
1294 2344 1364 2386 non
1390 2323 1519 2405 ubique

347 2429 467 2492 fauere
491 2428 711 2492 uidebantur.
759 2429 818 2492 sed
842 2429 945 2492 hodie
969 2429 1094 2492 scimus
1118 2431 1180 2492 has
1204 2429 1297 2512 leges
1314 2431 1357 2493 ad
1374 2430 1519 2513 antiqui·

348 2556 440 2599 orem
465 2535 516 2600 rei
539 2535 752 2598 nummariae
771 2535 1003 2598 Rornanorum
1023 2538 1152 2598 statum
1177 2538 1453 2619 cognoscendum
1476 2559 1537 2625 ne

256 2629 260 2648 .
349 2643 482 2705 minimi
506 2643 643 2724 quidem
668 2643 835 2705 momenti
859 2663 941 2706 esse.
981 2663 1060 2705 narn
1078 2643 1268 2707 Samwerus
1292 2644 1364 2728 ipse
1389 2644 1520 2726 liquido

349 2748 587 2833 comprobauit
621 2748 656 2810 in
693 2748 874 2812 duodecim
909 2748 1108 2812 tabularum
1147 2750 1281 2833 legibus
1317 2771 1443 2834 poenas
1478 2758 1521 2814 ad
1593 2730 1596 2734 ⁴

349 2857 437 2921 aeris
461 2856 566 2930 libras
594 2863 731 2919 exactas
762 2852 911 2936 fuisse3).
958 2858 1023 2919 hae
1054 2876 1185 2939 poenae
1216 2860 1365 2940 quantae
1396 2861 1518 2934 essent,

347 2964 450 3027 nudis
478 2963 629 3027 numeris
657 2984 853 3046 expressum
882 2966 965 3039 erat,
1001 2963 1052 3026 ita
1079 2967 1119 3026 ut
1146 2964 1181 3040 ii,
1218 2965 1277 3046 qui
1312 2967 1432 3048 postea
1459 2966 1520 3032 has

349 3072 441 3156 leges
477 3071 701 3135 commentati
731 3073 822 3147 sunt,
855 3072 918 3133 hos
949 3091 1110 3134 numeros
1142 3071 1313 3154 explicare
1345 3073 1520 3135 deberent.

349 3182 389 3241 ut
405 3176 599 3261 exemplum
613 3177 778 3253 adferam,
791 3177 931 3241 Verrius
948 3197 988 3240 ex
1001 3177 1080 3241 Aeli
1093 3177 1236 3242 Stilonis
1248 3180 1285 3240 in
1297 3179 1372 3240 XII
1384 3178 1521 3242 tabulas

349 3285 595 3350 commentario
612 3286 696 3360 haec
717 3284 895 3367 exscripsit
915 3279 957 3366 (p.
972 3289 1046 3362 371,
1060 3278 1090 3365 5)
1107 3291 1226 3365 Viginti
1246 3292 1383 3366 quinque
1403 3309 1521 3365 poenae

349 3400 381 3454 in
405 3397 466 3455 XII
496 3397 652 3472 significat
681 3397 794 3472 viginti
824 3397 961 3472 quinque
991 3414 1089 3453 asses.
1143 3377 1233 3455 asses
1264 3393 1410 3476 scripsit,
1442 3392 1522 3474 quia

349 3501 581 3562 Romanorum
616 3498 833 3580 grammatici
865 3501 901 3562 et
935 3498 1183 3581 antiquitatum
1214 3499 1397 3583 scriptores
1432 3519 1522 3562 asses

349 3606 430 3670 inde
461 3627 481 3668 a
503 3605 631 3669 ‘Seruio
655 3604 769 3668 Tullio
800 3605 953 3688 signatos
984 3625 1056 3668 esse
1087 3605 1348 3669 arbitrabantur
1378 3609 1413 3670 et
1443 3607 1524 3688 quia

351 3732 388 3775 as
412 3711 670 3794 antiquissimus
694 3733 730 3776 re
754 3733 836 3775 uera
860 3712 984 3776 libram
1008 3711 1181 3795 pendebat
1191 3709 1224 3792 4).
1271 3713 1388 3795 itaque
1419 3713 1447 3776 si
1470 3713 1523 3775 illi

460 3959 478 4026 ¹)
500 3959 649 4012 Gascbichte
666 3959 711 4011 des
722 3959 870 4013 rdmischea
884 3959 1065 4011 Mdazweseas
1082 3975 1108 4025 p.
1125 3960 1184 4013 176.
1211 3959 1374 4011 Stantsrerht
1386 3959 1423 4013 2³
1440 3962 1523 4026 1169.

458 4047 477 4115 ²)
499 4048 648 4101 descernere
666 4047 710 4099 das
728 4049 830 4099 ditares
848 4049 997 4100 romischea
1015 4048 1197 4100 Manzwasens
1215 4065 1241 4114 p.
1257 4051 1297 4103 15.

459 4138 684 4205 bbcpffl

457 4227 479 4294 ⁴)
499 4224 562 4278 Non
581 4225 657 4278 illam
676 4225 787 4292 quidem
806 4225 904 4278 libram
924 4229 984 4281 327.
995 4228 1030 4280 45
1051 4229 1243 4293 grammatum,
1267 4224 1314 4278 sed
1340 4225 1523 4292 antiquiorem

350 4319 403 4369 273
422 4319 615 4384 grammatum,
653 4314 687 4368 cf.
706 4313 822 4368 Pernioe
837 4316 936 4368 Galeas·
952 4316 984 4366 de
998 4315 1163 4382 ponderibus
1181 4322 1204 4366 et
1223 4317 1357 4366 mensuris
1376 4317 1524 4367 testimonio

351 4423 377 4472 p.
391 4406 435 4458 40.
454 4402 552 4456 Nissen
565 4404 714 4455 Handbuct
727 4405 774 4456 der
786 4405 1003 4458 Altertumswiss.
1019 4403 1052 4458 1²
1068 4421 1093 4470 p.
1105 4405 1165 4458 886.
1186 4402 1330 4455 Lehmann
1344 4404 1524 4457 Wocheaschr.

350 4494 372 4557 s.
387 4494 423 4546 kl.
438 4493 531 4547 Philol.
551 4495 568 4548 5
588 4492 680 4561 (1888)
701 4510 727 4561 p.
743 4495 819 4548 1522.
857 4492 948 4546 nescio
971 4508 1020 4544 our
1038 4491 1253 4544 Kubitsobekius
1271 4492 1342 4544 hanc
1361 4492 1524 4544 sententiam

351 4581 494 4649 impugnet
513 4585 541 4632 et
559 4581 640 4633 nullis
653 4581 762 4649 quidem
782 4581 896 4648 prolatis
915 4581 1001 4633 causis
1014 4582 1146 4648 (Wissorr.
1160 4581 1268 4646 Eurycl.
1288 4583 1420 4647 2,1509).
1448 4580 1524 4632 nullo
