3670 5476
943 420 984 476 22

422 637 507 695 unde
530 637 626 694 etiam
650 636 814 710 peculatus
841 637 959 694 crimen
978 638 1122 712 usurpari
1141 641 1287 711 coeptum
1312 640 1370 705 est,
1395 637 1481 694 facta
1504 655 1551 694 ae-

423 744 562 800 stimatio
585 744 736 818 pecoralis
756 745 875 801 multae
894 748 926 801 et
944 745 1043 801 boues
1062 746 1203 802 centenis
1223 745 1347 802 assibus
1367 761 1442 802 oues
1463 745 1552 802 denis
1591 819 1593 826 Ι

422 851 617 908 aestimatae.
664 851 738 908 inde
762 868 909 925 suprema
933 852 1044 920 multa,
1072 851 1105 908 id
1128 854 1178 909 est
1201 853 1348 921 maxima,
1377 853 1553 927 appellatur

424 958 485 1015 tria
509 958 595 1014 milia
618 958 715 1026 aeris;
747 959 823 1014 item
850 959 978 1016 uicessis
1002 959 1175 1015 minoribus
1200 959 1332 1016 delictis.

379 1102 408 1157 p.
428 1083 557 1150 237,13
591 1080 831 1139 PECVLATVS
863 1083 985 1139 furtum
1017 1083 1179 1157 publicum
1212 1083 1273 1140 dici
1304 1086 1433 1157 coeptus
1464 1086 1514 1139 est
1537 1101 1555 1140 a

423 1206 543 1264 pecore,
568 1188 642 1264 quia
664 1189 703 1246 ab
728 1207 764 1246 eo
787 1190 913 1247 initium
937 1191 1003 1247 eius
1027 1190 1148 1246 fraudis
1172 1207 1241 1247 esse
1263 1190 1374 1264 coepit,
1400 1190 1555 1265 siquidem

424 1299 498 1354 ante
521 1313 575 1352 aes
598 1299 654 1353 aut
673 1299 840 1370 argentum
859 1297 1020 1371 signatum
1044 1296 1082 1353 ob
1107 1297 1220 1353 delicta
1244 1313 1346 1371 poena
1368 1297 1556 1370 grauissima

425 1406 493 1461 erat
516 1402 651 1459 duarum
670 1403 778 1460 ouium
802 1406 834 1460 et
849 1404 939 1459 XXX
954 1403 1090 1471 bouum3
1116 1421 1186 1460 eam
1209 1403 1311 1478 legem
1334 1397 1384 1474 (sa
1398 1404 1468 1478 lege
1483 1398 1556 1474 cod.)

425 1513 599 1568 sanxerunt
618 1492 653 1567 T.
668 1510 833 1566 Menenius
856 1510 996 1566 Lanatus
1020 1513 1052 1567 et
1074 1510 1108 1567 P.
1123 1509 1243 1567 Sestius
1268 1509 1464 1584 Capitolinus
1487 1527 1556 1568 con·

426 1618 525 1685 sules3
550 1634 631 1692 quae
654 1617 800 1691 pecudes,
824 1619 993 1691 postquam
1016 1634 1087 1674 aere
1111 1617 1235 1692 signato
1258 1618 1305 1674 uti
1329 1618 1434 1692 coepit
1456 1617 1489 1674 P.
1508 1617 1555 1686 a,

425 1725 558 1798 Tarpeia
581 1724 650 1798 lege
673 1725 804 1780 cautum
827 1727 885 1792 est,
910 1727 947 1781 ut
969 1724 1026 1781 bos
1043 1724 1253 1794 centussibus‚
1278 1725 1346 1782 ouis
1371 1723 1556 1782 decussibus

426 1831 656 1890 aestimaretur.
1594 1819 1597 1825 ¹

488 1950 588 2013 Vnde
600 1949 742 2012 Verrius
766 1951 888 2012 harum
905 1970 1019 2013 rerum
1044 1949 1221 2012 scientiam
1245 1949 1400 2027 traxerit,
1425 1949 1556 2033 liquido

382 2057 481 2120 nobis
505 2055 687 2132 constabit,
719 2057 748 2119 si
772 2055 967 2119 litterarum
990 2056 1171 2119 thesauros
1195 2078 1215 2119 a
1239 2055 1352 2120 Gellio
1377 2059 1557 2138 congestos

382 2163 602 2227 adiuerimus.
649 2163 677 2225 is
702 2164 786 2226 haec
810 2163 884 2227 fere
907 2162 1015 2226 refert
1039 2157 1167 2245 (11,1):
1192 2170 1339 2226 Timaeus
1363 2171 1396 2226 in
1419 2169 1557 2226 historiis

385 2320 391 2334 .
419 2321 425 2334 .
453 2320 459 2334 .
485 2279 517 2333 et
539 2276 582 2334 M.
600 2275 698 2331 Varro
721 2275 754 2331 in
779 2275 1055 2349 Antiquititatibus
1079 2293 1183 2333 rerum
1206 2276 1418 2334 humanarum
1442 2281 1557 2334 terram

384 2384 508 2440 Italiam
539 2382 577 2439 de
611 2381 729 2439 Graeco
762 2382 915 2439 uocabulo
947 2381 1138 2456 appellatam
1173 2385 1375 2458 seripserunt,
1409 2385 1558 2459 quoniam

383 2492 479 2548 boues
496 2489 615 2549 Graeca
631 2494 737 2548 uetere
760 2491 868 2564 lingua
891 2486 990 2548 ἰταλοί
1009 2491 1139 2549 uocitati
1163 2491 1236 2559 sint,
1261 2507 1394 2565 quorum
1418 2492 1451 2546 in
1467 2490 1559 2548 Italia

383 2615 499 2672 magna
522 2598 611 2672 eopia
634 2598 738 2666 fuerit,
763 2597 938 2672 bucetaque
960 2599 994 2654 in
1018 2616 1055 2655 ea
1077 2601 1160 2655 terra
1183 2598 1269 2672 gigni
1293 2600 1440 2672 pascique
1465 2593 1575 2654 solita

384 2705 449 2763 sint
487 2705 693 2779 complurima
703 2698 735 2776 1).
767 2705 968 2790 ‚coniectare
1003 2707 1110 2762 autem
1145 2721 1314 2779 possumus
1350 2705 1388 2762 ob
1424 2706 1558 2763 eandem

383 2797 522 2880 causam,
553 2811 637 2887 quod
660 2811 752 2868 Italia
782 2813 851 2867 tum
882 2815 966 2868 esset
989 2812 1269 2880 armentosissima,
1301 2813 1446 2881 multam,
1478 2831 1558 2888 quae

384 2919 560 2992 appellatur
583 2936 739 2992 suprema,
764 2919 944 2975 institutam
968 2919 1001 2974 in
1025 2919 1091 2976 dies
1116 2919 1256 2993 singulos
1280 2919 1415 2976 duarum
1439 2921 1557 2989 ouium,

383 3025 479 3082 bourn
509 3025 648 3099 triginta,
679 3041 734 3099 pro
765 3025 854 3099 copia
882 3025 1000 3082 scilicet
1022 3025 1118 3082 boum
1141 3042 1259 3100 proque
1286 3027 1393 3083 ouium
1416 3029 1556 3101 penuria.

385 3133 440 3189 sed
471 3149 543 3189 cum
574 3131 728 3189 eiusmodi
758 3132 860 3188 multa
889 3132 1008 3207 peeoris
1042 3133 1240 3207 armentique
1271 3151 1289 3189 a
1320 3134 1558 3208 magistratibus

385 3239 469 3296 dieta
492 3243 560 3296 erat
583 3239 852 3313 adigebanturque
876 3238 973 3295 boues
993 3255 1130 3315 ouesque
1147 3239 1224 3297 alias
1241 3241 1333 3314 pretii
1356 3241 1455 3314 parui,
1480 3241 1558 3298 alias

385 3347 510 3403 maioris
534 3363 632 3420 eaque
656 3363 706 3402 res
729 3344 865 3402 faciebat
880 3346 1079 3421 inaequalem
1095 3347 1214 3403 multae
1230 3347 1452 3421 poenitionem.
1488 3348 1559 3405 ideo

281 3520 282 3524 Ἰ
387 3456 495 3528 postea
518 3452 586 3526 lege
610 3452 741 3509 Aternia
764 3453 928 3509 constituti
952 3455 1027 3509 sunt
1050 3454 1084 3510 in
1107 3470 1183 3510 oues
1207 3454 1347 3528 singulas
1371 3455 1451 3511 aeris
1475 3455 1558 3523 deni,

384 3561 417 3616 in
440 3559 537 3616 boues
561 3559 641 3616 aeris
665 3560 799 3616 centeni.
847 3560 979 3616 minima
1008 3565 1116 3617 autem
1147 3561 1248 3617 multa
1280 3563 1329 3618 est
1361 3562 1428 3618 ouis
1452 3561 1557 3618 unius.

385 3684 532 3742 suprema
555 3667 657 3723 multa
680 3669 729 3722 est
752 3666 819 3723 eius
835 3667 968 3735 numeri,
993 3667 1082 3724 cuius
1100 3667 1238 3724 diximus
1257 3711 1263 3724 .
1282 3711 1314 3725 ..
1340 3672 1372 3725 et
1395 3671 1559 3742 propterea

385 3791 532 3849 suprema
556 3773 742 3847 appellatur,
773 3773 806 3829 id
836 3776 885 3829 est
913 3790 1038 3830 summa
1061 3777 1094 3831 et
1117 3776 1264 3832 maxima.
1312 3774 1438 3849 quando
1462 3772 1559 3848 igitur

385 3899 469 3938 nunc
501 3897 624 3955 quoque
654 3897 673 3936 a
704 3879 941 3953 magistratibus
971 3881 1079 3954 populi
1102 3881 1138 3938 R.
1164 3898 1250 3938 more
1280 3882 1435 3938 maiorum
1458 3882 1559 3938 multa

386 3989 500 4045 dicitur
523 3987 574 4045 uel
598 3987 730 4043 minima
753 3987 804 4042 uel
829 4003 985 4060 suprema,
1010 3987 1170 4044 obseruari
1187 3989 1276 4057 solet,
1301 3992 1337 4045 ut
1353 4005 1428 4045 oues
1445 4005 1558 4062 genere

385 4096 467 4152 uirili
486 4079 748 4172 'appellentur²);
784 4095 879 4167 atque
909 4093 954 4150 ita
984 4094 1026 4152 M.
1044 4094 1142 4151 Varro
1173 4095 1270 4152 uerba
1300 4095 1378 4152 haec
1407 4095 1558 4170 legitima,

494 4335 514 4403 ¹)
535 4331 659 4386 Eandem
673 4332 707 4385 de
720 4331 904 4400 appellatione
922 4331 1021 4386 Italiae
1039 4333 1202 4386 sententiam
1221 4333 1285 4386 tulit
1294 4332 1409 4388 Verrius
1427 4352 1453 4402 p.
1466 4336 1558 4400 106,7.

386 4425 420 4479 cf.
440 4424 523 4477 etiam
535 4422 617 4479 Varr.
636 4439 660 4478 r.
679 4440 703 4476 r.
722 4425 748 4488 2,
761 4426 786 4489 5,
800 4426 824 4478 3.

494 4512 513 4583 ⁹)
532 4509 613 4566 Idem
622 4512 737 4567 Verrius
755 4531 781 4582 p.
797 4514 886 4580 195,5
906 4513 985 4565 Oucm
998 4515 1145 4565 masculino
1161 4529 1254 4580 ponere
1266 4515 1402 4578 dixerunt,
1422 4519 1452 4564 ut
1465 4512 1559 4564 outae

385 4602 496 4668 ductus,
513 4618 567 4654 non
585 4604 697 4657 duabus.
