3670 5476
962 455 979 512 6

889 537 1049 546 -----

383 668 578 732 laudandus
603 670 654 733 est
677 667 811 732 Nonius
834 668 1030 746 Marcellae,
1055 669 1114 751 qui
1139 667 1343 751 colligendis
1374 668 1428 731 his
1451 669 1556 733 nomi-

382 775 484 839 nibus
518 779 694 840 strenuam
725 775 896 859 impendit
919 795 1057 859 operam
1086 771 1130 858 (p.
1156 771 1371 857 543-548).
1419 797 1485 858 quo
1509 776 1554 838 in·
1655 796 1657 800 ’

384 882 459 947 dice
473 882 626 966 perlecto
639 881 744 947 facile
761 883 874 966 quiuis
889 883 1073 966 intelleget
1085 882 1238 946 Nonium
1251 883 1401 967 plurima
1417 882 1557 947 nomina

383 1007 401 1054 e
424 988 589 1055 Varronis
619 989 716 1055 libris
747 991 890 1055 traxisse
918 994 1023 1073 atque
1047 990 1230 1075 praecipue
1255 1010 1296 1055 ex
1319 991 1392 1054 eius
1416 991 1458 1054 de
1483 990 1558 1054 uita

382 1099 420 1162 P.
437 1097 478 1160 a.
496 1098 603 1162 libris.
640 1097 850 1163 sedVerrius
866 1118 1001 1181 quoque
1026 1097 1215 1162 multorum
1232 1118 1391 1162 uasorum
1417 1098 1557 1162 nomina

382 1205 546 1290 prodidit,
575 1225 720 1289 quorum
754 1204 1001 1290 explicationes
1034 1226 1106 1270 non
1138 1204 1242 1270 semel
1276 1226 1355 1269 cum
1386 1205 1439 1282 iis,
1472 1225 1557 1289 quas

382 1312 492 1376 Varro
509 1311 662 1388 dederat,
688 1315 894 1396 congruunt.
934 1313 1052 1396 itaque
1076 1313 1216 1376 minime
1240 1313 1338 1376 irrito
1362 1312 1479 1376 labore
1503 1332 1557 1376 me

381 1419 613 1504 fatigaturum
636 1439 746 1503 spero,
778 1419 806 1484 si
834 1423 999 1503 congesta
1029 1441 1047 1483 e
1073 1419 1246 1484 Verrianis
1274 1419 1372 1484 libris
1396 1439 1556 1483 uasorum

382 1527 523 1591 nomina
546 1548 624 1590 cum
647 1526 690 1590 iis
714 1527 902 1605 contulero,
928 1547 1015 1610 quae
1032 1526 1141 1591 Varro
1165 1526 1365 1609 explicaret.

355 1659 357 1666 ¹
382 1673 470 1733 Paul.
495 1693 525 1751 p.
544 1674 607 1744 2,5
641 1675 855 1733 Armillum
878 1693 936 1733 uas
960 1677 1118 1733 uinarium
1141 1677 1174 1732 in
1198 1677 1294 1733 sacris
1319 1676 1449 1742 dictum,
1474 1675 1559 1750 quod

427 1799 524 1851 armo,
547 1781 582 1839 id
605 1785 654 1840 est
677 1800 794 1852 umero,
820 1783 1002 1859 deportetur
1013 1777 1044 1855 1).

383 1916 412 1974 p.
433 1899 537 1967 11,11
564 1899 780 1957 Anelabris
812 1917 923 1957 mensa
953 1900 1136 1957 ministeriis
1171 1900 1287 1956 diuinis
1316 1903 1434 1974 aptata.
1479 1916 1558 1957 uasa

427 2023 551 2081 quoque
580 2007 614 2063 in
644 2023 697 2076 ca,
728 2007 842 2081 quibus
876 2007 1054 2064 sacerdotes
1087 2011 1232 2076 utuntur,
1263 2008 1423 2064 anclabria
1455 2007 1557 2082 appel-

427 2113 542 2170 lentur.

382 2238 412 2296 p.
433 2220 483 2289 11,
503 2219 543 2276 14
567 2220 730 2278 Arteria
745 2237 837 2295 aqua,
857 2238 937 2296 quae
953 2221 1061 2278 inieris
1080 2221 1248 2300 libabatur,
1270 2222 1354 2279 dicta
1377 2221 1555 2289 aierend03

428 2328 495 2384 siue
519 2344 576 2384 uas
600 2328 676 2396 uini,
700 2328 785 2402 quod
809 2329 904 2385 sacris
928 2328 1146 2386 adhibebatur.

384 2451 413 2509 p.
434 2434 541 2503 18,11
570 2435 847 2492 Athanuuium
871 2437 921 2491 est
943 2435 1046 2509 poculi
1062 2434 1166 2492 fictilis
1190 2453 1301 2510 genus,
1325 2452 1387 2510 quo
1410 2435 1443 2490 in
1467 2435 1557 2493 sacri·

427 2541 504 2598 ficiis
528 2542 701 2599 utebantur
724 2542 902 2599 sacerdotes
926 2541 1069 2600 Romani.

382 2665 412 2723 p.
432 2649 521 2717 20,2
552 2649 734 2707 Ancaesa
758 2649 842 2706 dicta
872 2652 949 2706 sunt
976 2649 1016 2706 ab
1047 2650 1185 2725 antiquis
1216 2667 1303 2719 uasa,
1327 2666 1407 2725 quae
1437 2649 1558 2706 caelata

427 2755 634 2831 appellamus,
658 2756 743 2831 quod
766 2756 1045 2815 circumcaedendo
1069 2757 1145 2814 talia
1168 2757 1258 2814 fiunt.
1305 2758 1410 2831 ipsum
1434 2773 1557 2831 quoque

427 2863 547 2920 caelare
570 2863 703 2920 uerbum
727 2863 766 2920 ab
790 2863 901 2920 eadem
925 2881 1021 2920 causa
1044 2867 1093 2921 est
1116 2863 1236 2922 dictum
1258 2865 1286 2920 D
1309 2864 1414 2920 littera
1437 2880 1510 2920 cum
1534 2862 1557 2918 L

427 2973 615 3045 permutata.

383 3094 412 3152 p.
432 3078 484 3147 21,
502 3077 520 3135 3
546 3078 791 3152 Arytaenam
816 3079 883 3136 siue
899 3082 1043 3136 artenam
1059 3097 1116 3135 uas
1132 3079 1172 3135 ab
1188 3077 1362 3136 hauriendo
1386 3077 1431 3135 sic
1454 3076 1558 3152 appel-

426 3185 545 3242 labant.

382 3310 412 3367 p.
432 3292 484 3361 24,
504 3292 543 3348 17
568 3292 752 3349 AVXILLA
775 3294 837 3351 olla
859 3292 1001 3368 paruula.

382 3416 412 3474 p.
433 3397 545 3468 27,15
569 3397 897 3459 ARISTOPHORVM
928 3417 996 3468 uas,
1026 3400 1060 3456 in
1091 3415 1152 3475 quo
1182 3400 1351 3474 prandium
1380 3399 1490 3469 iertur,
1521 3393 1558 3456 ut

426 3507 542 3565 discus.

382 3632 413 3689 p.
431 3613 484 3683 28,
503 3614 522 3671 4
546 3613 750 3671 AENVLVM
773 3632 831 3672 uas
855 3632 892 3673 ex
916 3632 987 3672 aere
1010 3632 1155 3690 paruum.

382 3747 412 3805 p.
431 3730 518 3798 31,1
546 3730 780 3789 Bacrionem
804 3732 952 3789 dicebant
974 3749 1074 3807 genus
1105 3731 1190 3789 uasis
1217 3730 1365 3805 longioris
1389 3729 1555 3788 manubrii.

426 3836 486 3894 hoc
509 3837 562 3894 alii
584 3838 712 3895 trullam
736 3839 906 3914 appellant.

544 3944 672 4003 Bacar
694 3962 752 4002 uas
776 3941 934 4003 uinarium
958 3946 1059 4003 simile
1082 3946 1229 4003 bacrioni.

382 4068 411 4126 p.
430 4051 482 4120 36,
501 4051 519 4109 5
543 4051 818 4110 BVRRANIOVM
841 4070 942 4127 genus
966 4053 1062 4110 uasis.
1100 4053 1194 4110 bucar
1218 4053 1362 4111 similiter
1383 4070 1484 4128 genus
1508 4055 1557 4109 est

426 4176 522 4216 uas1s.

384 4327 597 4338 ——-..-....-.-

488 4433 509 4501 ²)
533 4430 604 4489 Non.
630 4451 656 4503 p.
677 4436 737 4503 547,
753 4437 785 4490 11
814 4438 965 4490 Armillum
992 4438 1089 4492 urciob'
1110 4455 1193 4507 penus
1219 4442 1335 4496 alcarii.
1373 4440 1487 4494 Varro
1516 4439 1557 4494 de

381 4519 457 4573 vita
476 4519 508 4578 P.
521 4520 555 4576 R.
575 4521 637 4579 lib.
654 4521 685 4579 I:
704 4527 855 4577 etiamnm
870 4528 975 4595 pocula,
993 4545 1061 4595 picae
1079 4535 1174 4582 uocant
1192 4532 1305 4597 copulas
1323 4531 1476 4598 atvopida,
1496 4534 1557 4584 item

380 4611 531 4679 armillum,
551 4613 622 4679 quod
639 4621 677 4666 eet
694 4616 796 4667 urcioli
811 4632 895 4682 penus
913 4619 1027 4673 uinarii.
