3670 5476
928 427 970 508 10

365 687 395 744 0.
416 669 467 738 12,
482 669 500 725 9
524 670 638 726 Attae
653 668 862 744 appellantur,
879 669 932 744 qui
943 672 1070 744 propter
1081 667 1195 726 uitium
1207 685 1333 725 crumm
1349 671 1406 725 aut
1421 669 1537 742 pedum

408 775 525 850 plantis
549 776 703 832 insistunt
731 779 765 833 et
787 775 951 850 attingunt
974 777 1075 850 magis
1102 779 1218 832 terram
1242 792 1337 850 quam
1360 775 1535 832 ambulant.

408 882 492 956 quod
515 899 690 956 cognomen
713 880 842 954 Quintio
865 885 976 956 poetae
1000 881 1153 940 adhaesit.

363 1007 393 1063 p.
412 988 498 1057 41,9
531 987 638 1046 Cossi
667 989 706 1046 ab
737 990 877 1064 antiquis
910 989 1096 1047 dicebantur
1128 971 1241 1046 natura
1272 988 1377 1064 rugosi
1401 988 1537 1064 corporis

406 1096 561 1179 homines,
592 1114 611 1153 a
642 1096 847 1154 similitudine
876 1097 1031 1154 uermium
1062 1096 1146 1171 lIgno
1175 1096 1341 1164 editorum,
1370 1095 1423 1170 qui
1456 1095 1537 1152 cossi

407 1203 615 1278 appellantur.

363 1328 392 1384 p.
411 1309 520 1378 43,10
552 1309 660 1367 Chilo
690 1311 805 1368 dicitur
832 1314 1043 1404 cognomento
1073 1327 1092 1367 a
1122 1310 1340 1385 magnitudine
1367 1309 1536 1378 labrorum,

407 1413 473 1473 Cilo
497 1418 564 1474 sine
587 1417 788 1491 aspiratione,
812 1419 862 1474 cui
885 1418 974 1474 frons
997 1420 1047 1475 est
1069 1417 1256 1475 eminentior
1279 1433 1315 1474 ac
1339 1417 1449 1474 dextra
1465 1417 1536 1472 sini·

407 1526 534 1598 straque
558 1523 657 1581 ueluti
681 1525 779 1582 recisa
802 1524 937 1582 uidetur.

362 1648 392 1705 p.
412 1628 452 1687 57
457 1673 464 1698 ,
481 1630 519 1686 13
545 1628 754 1688 CAESONES
778 1631 977 1706 appellantur
1000 1649 1039 1689 ex
1062 1635 1151 1688 utero
1175 1631 1285 1688 matris
1309 1630 1435 1688 exsecti.

362 1755 392 1811 p.
412 1736 518 1806 57,14
553 1735 721 1806 CAESAR,
755 1738 839 1813 quod
871 1741 921 1794 est
952 1755 1127 1813 cognomen
1158 1737 1319 1806 Iuliorum,
1350 1755 1370 1793 a
1401 1736 1537 1794 caesario

407 1843 510 1900 dictus
534 1847 592 1912 est,
617 1845 670 1919 qui
694 1845 812 1902 scilicet
835 1862 907 1902 cum
931 1846 1067 1902 caesarie
1090 1848 1186 1902 natus
1210 1847 1268 1902 est.

362 1969 392 2024 p.
411 1949 501 2018 88,8
525 1951 710 2008 Falcones
734 1951 892 2020 dicuntur,
917 1968 1050 2027 quorum
1074 1952 1164 2026 digiti
1188 1951 1315 2026 pollices
1345 1951 1378 2007 in
1401 1950 1534 2025 pedibus

407 2058 489 2114 intro
513 2061 589 2115 sunt
612 2059 745 2126 curuati,
769 2075 788 2115 a
812 2058 1018 2117 similitudine
1041 2059 1131 2117 falcis
1155 2051 1206 2129 (cf.
1231 2059 1332 2133 p.43,
1353 2051 1413 2129 14).

344 2157 404 2250 ,(0.
425 2164 530 2232 117,6
562 2164 685 2222 Laeua
709 2166 846 2235 sinistra,
870 2183 966 2241 quam
990 2166 1099 2224 Graeci
1124 2161 1244 2224 σκαιόν.
1292 2164 1376 2222 unde
1399 2167 1536 2221 tractum

406 2287 580 2345 cognomen
604 2270 754 2329 Scaeuola
778 2267 841 2343 cet.)

361 2395 391 2450 p.
414 2376 541 2445 182,13
576 2375 691 2435 Orata
723 2396 823 2453 genus
854 2379 948 2454 piscis
978 2380 1154 2455 appellatur
1184 2397 1203 2436 a
1226 2379 1327 2437 001010
1350 2379 1428 2447 auri,
1453 2377 1537 2452 quod

405 2485 512 2541 rustici
537 2500 626 2541 orum
650 2484 807 2552 dicebant,
832 2489 868 2543 ut
891 2487 1047 2544 auriculas
1071 2487 1214 2544 oriculas.
1262 2487 1368 2561 itaque
1393 2484 1536 2560 Sergium
1637 2552 1639 2558 .

404 2607 527 2664 quoque
551 2591 711 2666 quendam
734 2593 952 2666 praedantem,
984 2595 1068 2669 quod
1099 2597 1132 2650 et
1158 2594 1281 2650 duobus
1305 2593 1408 2650 anulis
1432 2593 1535 2649 aureis

404 2701 436 2754 et
459 2698 632 2770 grandibus
656 2701 807 2768 uteretur,
833 2698 963 2757 Oratam
989 2701 1100 2758 dicunt
1122 2717 1191 2758 esse
1215 2700 1419 2776 appellatum.

358 2822 388 2877 p.
407 2804 514 2873 225,2
545 2805 745 2863 Proculum
776 2807 858 2863 inter
888 2808 1076 2882 cognomina
1106 2825 1179 2864 eum
1211 2807 1331 2875 dicunt,
1355 2807 1408 2880 qui
1439 2809 1534 2863 natus

402 2914 451 2968 est
482 2915 570 2986 patre
600 2914 818 2988 peregrinante
849 2931 868 2971 a
898 2915 999 2989 patria
1029 2915 1145 2989 procul.
1193 2913 1340 2970 Proculus
1374 2916 1449 2970 sunt
1481 2913 1533 2987 qui

402 3019 533 3075 credant
555 3019 626 3076 ideo
651 3020 761 3089 dictos,
786 3022 860 3095 quia
883 3022 1025 3096 patribus
1057 3021 1185 3078 senibus
1210 3021 1299 3095 quasi
1329 3020 1435 3094 procul
1467 3036 1534 3094 pro·

402 3125 517 3199 gressis
542 3129 646 3184 aetate
670 3128 737 3183 nati
760 3131 844 3185 sunt.

357 3224 399 3305 (p.
415 3232 488 3299 226,
505 3233 541 3288 11
568 3233 721 3291 Priscus
737 3234 926 3309 Tarquinius
950 3235 1128 3304 0011110100,
1153 3235 1227 3309 quia
1250 3235 1336 3309 prius
1360 3234 1422 3290 fuit
1437 3251 1533 3309 quam

402 3337 561 3413 Superbus
584 3335 795 3415 Tarquinius.)

357 3464 386 3520 p.
406 3445 480 3513 238,
499 3447 517 3502 2
564 3443 782 3503 POSTVMVS
806 3449 1047 3524 cognominatur
1069 3452 1142 3523 post
1157 3449 1255 3524 patris
1272 3452 1406 3505 mortem
1426 3450 1530 3504 natus.

357 3571 386 3626 p.
406 3551 479 3620 375,
500 3551 539 3609 15
565 3553 703 3627 Valgos
738 3552 859 3628 Opilius
894 3557 1041 3613 Aurelius
1078 3556 1192 3631 aliique
1231 3555 1407 3630 complures
1442 3554 1532 3610 aiunt

401 3659 471 3727 (1101,
496 3660 550 3734 qui
574 3659 715 3716 diuersas
740 3679 830 3719 suras
853 3662 994 3721 habeant
1008 3657 1067 3721 cet.

463 3759 562 3824 Aliae
592 3760 726 3843 glossae
751 3763 993 3842 Varronianae,
1019 3785 1107 3847 quae
1130 3764 1167 3826 111
1180 3763 1310 3828 ¹alteris
1334 3761 1530 3826 litterarum

356 3866 512 3949 partibus
533 3867 770 3948 inueniuntur,
795 3871 978 3954 praecipue
995 3892 1035 3935 ex
1051 3871 1125 3935 eius
1140 3869 1401 3952 Antiquitatum
1416 3887 1531 3932 rerum

356 3975 584 4037 humanarum
609 3973 706 4040 libris
730 3980 887 4060 sumptae
911 3981 1006 4056 sunt;
1031 3977 1091 4061 qui
1114 3977 1195 4041 libri
1218 3977 1254 4039 in
1271 3975 1442 4060 prioribus
1459 3994 1530 4057 pur·

354 4080 449 4143 tibus
472 4102 658 4163 nunquam,
684 4086 720 4146 at
743 4083 778 4146 in
803 4084 920 4147 alteris
944 4084 1124 4167 quinquies
1148 4085 1315 4148 citantur:

355 4210 384 4265 p.
406 4191 478 4261 158,
496 4193 537 4250 26
561 4187 776 4264 (MVRRATA
798 4191 937 4270 potione)
960 4197 1059 4255 Varro
1081 4198 1115 4254 in
1138 4197 1374 4271 Antiquitatum
1398 4195 1418 4250 1.
1443 4195 1467 4252 l.

355 4317 384 4372 p.
404 4300 478 4368 246,
497 4300 537 4357 33
561 4293 653 4370 (PRO
678 4297 787 4374 censu)
810 4304 851 4361 M.
888 4305 987 4362 Varro
1011 4305 1044 4361 in
1067 4305 1086 4362 1.
1099 4304 1153 4359 Vl.
1178 4321 1282 4360 rernm
1305 4303 1526 4359 humanarum.

355 4425 383 4480 p.
404 4407 478 4475 249,
496 4407 515 4462 8
561 4401 923 4478 (PRAEROGATIVAE
947 4405 1118 4483 centuriae)
1133 4411 1232 4467 Varro
1251 4427 1354 4467 rerum
1378 4409 1529 4466 humana·

398 4531 468 4569 rum
492 4513 579 4572 LVI.

354 4638 382 4693 p.
399 4618 472 4688 347,
483 4620 522 4676 33
536 4613 908 4697 (SVFFRAGATORES)
918 4626 1017 4682 Varro
1029 4626 1060 4681 in
1074 4627 1093 4683 l.
1105 4626 1172 4682 Vll.
1188 4643 1291 4681 10111111
1304 4625 1524 4681 humanarum.
