3670 5476
937 405 974 469 12

874 495 1032 502 -.a--

412 643 472 704 que
482 621 514 700 ¹),
539 629 612 704 quia
635 628 749 685 sollum
772 620 898 698 (solium
914 625 973 684 cod.
994 643 1031 684 ex
1053 621 1171 697 rasura)
1195 625 1276 683 Osce
1300 629 1404 683 totum
1428 629 1460 681 et
1484 625 1542 681 sol·

308 753 310 758 ·
412 737 488 793 dnm
512 729 669 806 (solodum
693 729 766 806 cod.)
789 733 945 808 significat
970 777 976 791 .
1003 778 1009 791 .
1037 777 1043 791 .
1068 737 1118 791 cet.

366 864 396 919 p.
416 841 545 912 223,19
569 841 824 899 Praecidanea
847 859 929 916 agna
952 840 1134 910 vocabatur,
1159 858 1239 915 qnae
1269 843 1343 897 ante
1374 841 1451 905 alias
1476 856 1541 897 cae·

413 951 555 1008 debatur.
602 951 679 1006 item
715 965 817 1023 porca,
853 965 933 1023 quae
967 946 1070 1004 Cereri
1103 948 1302 1006 mactabatur
1334 947 1373 1003 ab
1406 962 1453 1014 ec,
1489 946 1542 1021 qui

413 1061 536 1115 mortuo
560 1058 644 1113 iusta
667 1073 731 1113 non
752 1056 889 1124 fecisset,
903 1056 946 1112 ,id
963 1060 1011 1112 est
1034 1055 1158 1130 glebam
1182 1072 1246 1111 non
1270 1054 1444 1122 obiecisset,
1470 1053 1542 1129 quia

411 1183 480 1222 mos
513 1167 580 1221 erat
612 1164 657 1220 eis
689 1163 722 1219 id
752 1162 865 1230 facere,
896 1163 1079 1237 priusquam
1109 1179 1209 1218 nouas
1240 1161 1346 1236 fruges
1377 1164 1542 1235 gustarent

411 1266 463 1343 (er.
488 1291 519 1346 p.
537 1271 611 1340 218,
632 1264 692 1342 17).

367 1398 397 1455 p.
416 1377 524 1447 303‚3
550 1376 785 1434 Succidanea
808 1377 913 1434 hostia
936 1376 1108 1444 dicebatur,
1133 1393 1213 1450 quae
1230 1377 1368 1433 secundo
1392 1377 1460 1433 loco
1476 1393 1541 1433 cae·

413 1485 555 1554 debatur,
581 1484 698 1542 scilicet
722 1484 765 1541 sic
789 1485 947 1558 appellata
970 1501 988 1540 a
1012 1484 1219 1541 succedendo.

367 1585 501 1667 (glossae
518 1609 598 1667 quae
615 1595 690 1648 sunt
713 1610 742 1665 p.
762 1591 864 1660 318,7
890 1590 1038 1648 Sacrem
1062 1607 1213 1664 porcum
1237 1593 1269 1647 et
1292 1609 1321 1664 p.
1337 1591 1442 1658 371‚6
1460 1590 1542 1647 Vic-

412 1700 479 1756 tim
488 1717 546 1756 am
574 1698 613 1755 ab
642 1699 701 1754 hoc
731 1715 829 1755 censu
861 1697 1015 1772 prohibui,
1045 1700 1118 1772 quia
1145 1715 1163 1754 a
1187 1697 1411 1772 grammaticis,
1436 1715 1499 1754 non
1523 1715 1541 1753 a

413 1806 612 1882 pontificibus
637 1804 773 1863 dictatae
797 1799 895 1876 sunt.)

478 1907 529 1970 ux
559 1906 612 1970 his
643 1906 931 1990 explicationibus
962 1926 1035 1981 eae,
1067 1926 1155 1989 quae
1190 1907 1226 1967 in
1261 1905 1371 1969 altera
1404 1905 1541 1969 litterae

371 2035 452 2079 suae
476 2017 574 2098 parte
598 2013 771 2096 leguntur,
799 2013 1003 2076 commixtae
1028 2015 1109 2076 sunt
1133 2012 1209 2076 aliis
1233 2011 1355 2095 glossis
1380 2013 1422 2076 ad
1448 2033 1543 2076 sacra

371 2121 616 2205 spectantibus.
660 2121 725 2185 hae
744 2121 878 2203 glossae
902 2141 1061 2203 magnam
1081 2122 1214 2203 partem
1239 2140 1311 2184 sese
1329 2120 1450 2183 ductas
1470 2140 1542 2184 esse

372 2230 581 2293 confitentur
604 2249 645 2292 cx
669 2227 765 2291 libris
788 2228 868 2292 Atei
892 2227 1078 2311 Capitonis
1098 2227 1234 2304 Verani,
1260 2227 1393 2290 Antisti
1416 2227 1543 2291 Labeo-

372 2337 439 2411 nis,
463 2335 655 2400 Messallae.
704 2336 745 2398 de
769 2334 891 2417 glossis
916 2334 1106 2398 hostiarum
1136 2335 1192 2417 agi
1222 2334 1356 2399 solebat
1385 2334 1422 2396 in
1446 2333 1543 2398 libris

372 2445 414 2507 de
437 2443 511 2506 iure
536 2443 714 2526 pontificio
734 2441 790 2506 uel
816 2441 1059 2505 sacrificiorum
1070 2436 1092 2523 2)
1117 2445 1152 2504 et
1176 2441 1358 2526 scripserat
1374 2440 1543 2505 Veranius

375 2551 512 2633 quidem
538 2550 643 2614 libros
663 2549 902 2632 quaestionum
924 2549 1174 2632 pontificalium
1183 2545 1215 2630 3),
1240 2549 1413 2612 Antistius
1430 2548 1545 2612 Labeo

371 2657 413 2721 de
437 2658 511 2720 inre
533 2656 710 2740 pontificio
721 2651 753 2737 ⁴),
772 2657 893 2720 Ateius
911 2654 1034 2739 Capito
1054 2656 1138 2720 item
1162 2657 1204 2720 de
1227 2657 1301 2719 iure
1321 2655 1499 2739 pontificio
1510 2651 1542 2738 ’)

370 2763 542 2828 Labeonis
566 2784 647 2827 uero
672 2785 798 2828 nomen
821 2765 858 2826 in
881 2763 1013 2846 glossis,
1038 2783 1122 2846 quas
1145 2763 1182 2825 in
1205 2785 1311 2826 unum
1339 2763 1444 2845 coegi,
1474 2784 1542 2826 non

374 2871 524 2934 occurrit
548 2891 658 2953 neque
684 2874 736 2934 est
760 2892 820 2934 cur
844 2871 875 2935 ei
903 2871 965 2934 has
990 2869 1235 2954 explicationes
1258 2871 1461 2934 tribuamus.
1509 2872 1546 2932 at

370 2977 516 3060 legimus
541 2983 677 3062 praeter
694 2977 873 3062 Capitonis
897 2999 1022 3042 nomen
1035 2978 1173 3054 Verani,
1199 2978 1296 3041 cuius
1313 2978 1418 3042 etiam
1438 2977 1543 3040 libros

371 3084 553 3168 augurales
577 3084 654 3148 aliis
680 3084 764 3149 locis
786 3085 926 3149 Verrius
951 3088 1204 3149 commemorat.
1251 3084 1368 3167 itaque
1386 3084 1543 3148 Verrium

371 3191 524 3256 eiusdem
543 3192 802 3274 quaestionibus
823 3191 1080 3275 pontificalibus
1104 3191 1156 3254 uti
1180 3191 1332 3274 potuisse
1356 3190 1544 3255 inconsulti

370 3298 462 3362 foret
492 3319 628 3381 negare.
675 3299 734 3362 scd
760 3299 896 3362 easdem
920 3299 1137 3380 quaestiones
1168 3299 1204 3361 in
1234 3320 1333 3362 usum
1364 3319 1463 3362 suurn
1489 3299 1543 3361 ad·

371 3405 489 3469 hibere
514 3405 629 3488 potuit
647 3405 780 3488 Capito,
798 3405 906 3481 Verri,
933 3408 972 3467 ut
997 3405 1067 3469 dixi
1091 3406 1253 3488 aequalis,
1278 3407 1314 3469 id
1339 3406 1439 3488 quod,
1465 3425 1543 3488 quo-

371 3511 464 3574 niam
489 3512 530 3576 de
554 3512 676 3575 iisdem
701 3513 801 3576 rebus
827 3533 866 3576 ac
890 3512 1058 3575 Veranius
1083 3515 1223 3576 acturus
1248 3516 1336 3588 erat,
1369 3533 1450 3577 sane
1474 3533 1543 3575 non

371 3618 525 3682 omiserit
535 3614 566 3699 6).
615 3621 679 3682 hoc
711 3619 812 3682 modo
843 3619 917 3683 fieri
948 3619 1072 3702 potuit,
1107 3622 1147 3682 ut
1175 3615 1328 3697 Flaccus,
1361 3641 1438 3682 cum
1462 3619 1544 3682 Atei

479 3793 498 3859 ¹)
516 3789 551 3844 In
570 3792 664 3846 codice
682 3792 750 3846 haec
769 3793 855 3846 uerba
874 3792 912 3846 ita
931 3793 1075 3861 leguntur:
1096 3799 1189 3846 contra
1207 3795 1251 3845 aci
1267 3794 1379 3846 verbices
1392 3829 1398 3841 .
1412 3795 1542 3845 maiales.

370 3885 424 3950 qni.
461 3881 597 3950 integram
620 3882 830 3950 explicationem
848 3882 993 3936 restituere
1013 3887 1126 3936 conatus
1146 3887 1186 3936 est
1205 3881 1312 3935 Krause
1332 3882 1360 3950 (l.
1376 3885 1392 3937 l.
1412 3900 1439 3950 p.
1454 3883 1507 3951 17).

478 3970 499 4041 ¹²)
518 3969 560 4027 Of.
579 3970 662 4024 etiam
681 3969 963 4039 Marquardt3,172.

478 4059 497 4128 ³)
517 4059 744 4114 Reitzensteinius
762 4078 789 4129 p.
802 4063 881 4128 49,1.

476 4148 499 4219 4)
517 4147 593 4202 Ioers
612 4147 640 4200 in
659 4150 777 4203 Wiosow.
796 4151 905 4216 Encycl.
926 4154 949 4217 1,
962 4153 1040 4207 2550.

477 4237 497 4304 ⁵)
516 4235 592 4291 Ioers
612 4239 628 4292 l.
643 4240 660 4293 l.
679 4240 796 4305 2,1906.

477 4326 497 4394 6)
515 4325 736 4381 Consentaneum
763 4332 804 4381 est
822 4328 896 4396 quod
914 4329 983 4381 haec
1008 4329 1097 4397 glossa
1122 4328 1203 4381 docet
1221 4346 1247 4396 p.
1262 4331 1322 4394 351,
1334 4331 1367 4383 ld
1387 4327 1543 4381 Stellam

369 4415 521 4486 significare
546 4415 585 4470 ait
603 4416 701 4470 Ateius
720 4416 818 4486 Oapito
845 4419 947 4472 laetum
974 4422 1002 4471 et
1026 4434 1196 4485 prosporum,
1221 4417 1413 4470 anctoritatem
1436 4421 1544 4468 secutus

369 4505 400 4560 P.
420 4504 520 4558 Seruili
545 4506 664 4574 auguris,
690 4507 797 4560 stellam
823 4525 894 4575 quae
920 4525 953 4560 ex
977 4507 1087 4559 lamella
1114 4523 1192 4558 aerea
1216 4506 1345 4559 adsimilis
1364 4506 1458 4558 stellas
1478 4505 1544 4558 locis

368 4595 537 4662 inauguratis
554 4595 691 4663 infigatur.
