3670 5476
782 449 942 540 „i-

275 664 454 740 p.249,14
480 658 837 737 [PRAEFERIOVLVM
867 657 934 737 uas]
966 682 1099 722 aeneum
1131 657 1209 737 slino
1232 683 1310 723 ansa
1333 670 1448 744 patens

320 790 481 829 summum
498 764 597 845 uellut
611 772 722 846 peluis,
748 764 819 846 [quo
835 773 876 828 ad
892 771 1043 830 sacrificia
1065 772 1237 829 utebantur
1259 772 1290 830 iu
1305 766 1447 846 samalrio

320 879 397 954 Opis
421 871 603 952 Clausiuiael.

275 1006 305 1062 p.
325 986 398 1044 249.
416 985 452 1042 17
480 978 702 1058 [PATELLAE
718 987 830 1043 uasula
842 1004 940 1060 parua
953 978 1065 1060 picata]
1083 987 1159 1043 item
1173 985 1268 1044 sacris
1285 978 1448 1059 falciendis

320 1098 404 1168 apta,
428 1093 547 1151 humiles
570 1097 596 1150 ei
613 1085 754 1166 patentes]
779 1094 867 1150 uelut
890 1086 1071 1167 capidullae,
1094 1093 1143 1150 sed
1165 1093 1245 1150 ausis
1268 1086 1414 1167 caumtesl.

276 1221 306 1276 p.
325 1202 398 1270 337,
415 1202 455 1258 10
479 1200 687 1275 Simpulum
712 1218 768 1257 uas
792 1200 960 1274 paruulum
984 1217 1048 1256 non
1065 1201 1216 1258 dissimile
1237 1201 1362 1274 cyath0,
1387 1218 1449 1276 quo

320 1309 431 1365 uinum
454 1308 487 1363 in
510 1307 668 1364 sacrifieiis
691 1307 859 1374 libabatur,
883 1307 968 1364 unde
992 1310 1024 1363 et
1046 1307 1192 1364 mulieres
1217 1309 1309 1365 rebus
1334 1308 1449 1365 diuinis

321 1417 446 1472 deditae
470 1415 698 1488 simpulatriees
710 1407 741 1485 ¹).

276 1542 306 1597 p.
326 1522 430 1590 365,1
479 1522 588 1578 Tinia
612 1538 690 1578 uasa
712 1515 875 1592 uinaria2).

384 1641 481 1704 Haec
494 1661 654 1704 uasorum
667 1641 807 1704 nomina
820 1661 888 1704 non
902 1640 1017 1702 omnia
1029 1639 1073 1702 ad
1086 1643 1257 1704 certorum
1271 1643 1450 1723 poetarum

277 1749 334 1812 uel
351 1749 556 1832 scriptorum
573 1747 665 1812 locos
686 1747 905 1832 explicandos
921 1746 1098 1831 proposita
1119 1766 1191 1810 esse
1210 1747 1267 1810 uel
1283 1748 1363 1812 inde
1380 1769 1450 1831 per-

277 1856 362 1939 spici
386 1858 510 1939 potest,
532 1857 622 1937 quod
640 1853 789 1939 plurima
804 1855 945 1918 nomina
960 1873 1131 1930 uasorum,
1152 1854 1276 1935 quibus
1292 1855 1328 1917 in
1346 1857 1450 1920 sacris

278 1962 494 2047 perficiendis
517 1963 663 2026 Romani
687 1961 884 2038 utebantur,
909 1962 951 2025 iis
976 1963 1096 2026 addita
1118 1965 1208 2026 sunt.
1257 1983 1361 2045 quare
1386 1965 1451 2026 sta·

276 2073 414 2133 tuamus
445 2090 584 2133 necesse
615 2070 667 2133 est
698 2051 743 2132 ea
770 2089 811 2132 ex
835 2068 923 2133 libro
948 2071 1096 2151 quodam
1121 2072 1283 2154 excerpta
1307 2090 1389 2146 esse,
1414 2070 1449 2131 in

277 2198 344 2259 quo
369 2177 411 2240 de
434 2176 526 2240 uasis
550 2196 619 2239 uno
643 2176 763 2239 ordine
787 2178 903 2239 actum
928 2179 1011 2240 erat.
1052 2177 1171 2240 statim
1195 2197 1277 2241 uero
1301 2177 1337 2239 in
1362 2198 1451 2240 men-

276 2289 347 2348 tem
371 2284 469 2346 uenit
493 2285 535 2348 de
559 2283 630 2346 illis
653 2283 751 2347 libris
776 2283 937 2366 cogitare,
963 2304 1048 2365 quos
1061 2284 1171 2348 Varro
1197 2284 1239 2348 de
1263 2283 1339 2347 uita
1355 2283 1392 2345 P.
1410 2283 1450 2345 R.

278 2391 489 2474 conseripsit,
515 2411 599 2473 quos
624 2390 728 2454 etiam
753 2391 844 2473 apud
863 2390 1015 2453 Nonium
1039 2391 1074 2452 iu
1100 2391 1248 2454 similem
1272 2411 1370 2453 usum
1397 2391 1452 2452 ad-

279 2498 408 2562 hibitos
432 2498 597 2561 videmus.
638 2518 716 2560 nam
734 2497 923 2561 Varronem
947 2497 981 2559 in
1008 2497 1061 2559 his
1086 2496 1182 2561 libris
1207 2498 1249 2560 de
1273 2496 1350 2560 aliis
1374 2517 1452 2578 quo·

218 2581 223 2592 ⁶
278 2626 343 2687 que
376 2605 547 2668 institutis
580 2606 616 2668 et
647 2604 749 2668 rebus
782 2604 859 2667 fuse
893 2604 1086 2687 disputasse
1120 2625 1137 2668 e
1168 2604 1281 2668 Nonio
1314 2604 1452 2668 efficere

278 2711 368 2787 lieet,
390 2712 482 2795 apud
498 2731 598 2794 quem
616 2711 701 2775 haec
718 2710 863 2792 legimus
880 2705 924 2794 (p.
939 2715 1013 2787 531,
1031 2707 1097 2792 lbl:
1123 2731 1200 2790 quos
1214 2708 1297 2774 uitus
1313 2706 1453 2792 (nuben-

278 2813 377 2898 tium)
408 2817 513 2880 Vama
543 2816 595 2881 ub.
619 2817 649 2880 I.
681 2818 718 2880 de
747 2816 817 2880 uita
841 2816 880 2880 P.
905 2816 946 2880 R.
977 2815 1217 2898 dilipeuiissime
1243 2816 1453 2898 percucurrit.

280 2928 433 2988 attamen
466 2925 648 2990 fatendum
682 2928 734 2989 est
768 2924 1015 3008 explicationes
1039 2925 1138 2989 Verri
1174 2946 1252 2988 cum
1283 2925 1336 3002 iis,
1370 2946 1454 3008 quas

280 3033 389 3094 Varro
413 3032 557 3095 dederat
581 3030 725 3095 collatas
749 3031 785 3094 in
807 3031 912 3094 dubio
936 3052 998 3094 nos
1022 3030 1215 3114 relinquere
1239 3035 1275 3096 et
1300 3035 1338 3095 ut
1362 3032 1455 3096 cauti

279 3139 385 3202 simus
410 3158 558 3203 monere.
598 3139 632 3201 iu
658 3138 794 3203 easdem
818 3158 920 3221 saepe
945 3138 1123 3221 angustias
1140 3139 1353 3213 adducimur,
1377 3159 1454 3202 cum

282 3247 424 3310 definire
455 3267 620 3309 conamur
649 3267 732 3307 num
756 3245 897 3308 Verrius
922 3245 1085 3309 Varronis
1117 3246 1158 3309 de
1186 3245 1306 3328 lingua
1329 3245 1456 3308 Latina

283 3352 392 3417 libros
414 3353 450 3414 in
474 3374 573 3416 usum
599 3373 698 3415 suum
723 3351 932 3415 adhibuerit.
975 3352 1093 3434 itaque
1117 3351 1182 3416 etsi
1206 3352 1291 3415 certi
1314 3352 1397 3434 quid
1421 3353 1457 3414 in

283 3461 348 3522 hac
374 3480 410 3523 re
435 3463 588 3523 statuere
611 3480 679 3522 non
705 3459 797 3536 licet,
821 3459 858 3521 id
882 3459 1004 3522 saltem
1021 3458 1200 3542 probabile
1216 3458 1302 3521 mihi
1318 3459 1459 3522 uidetur

282 3566 349 3628 ista
372 3587 533 3629 uasorum
556 3566 727 3630 uocabula
751 3570 843 3630 certo
861 3567 997 3630 cuidam
1022 3565 1156 3629 auctori
1180 3565 1306 3642 deberi,
1331 3565 1390 3648 qui
1415 3566 1457 3628 de

282 3673 323 3736 iis
348 3674 430 3737 data
454 3693 563 3757 opera·
582 3673 800 3737 disseruerat.
833 3707 865 3715 -
892 3674 951 3737 sed
975 3674 1121 3737 fortasse
1146 3673 1271 3736 dixerit
1287 3673 1457 3755 quispiam

282 3801 453 3857 uasorum,
479 3801 624 3864 quorum
649 3780 895 3864 explicationes
920 3779 1105 3864 composui,
1131 3799 1203 3843 esse
1228 3799 1355 3862 genera
1378 3780 1457 3856 duc,

282 3909 389 3950 unum
414 3909 544 3965 eorum,
570 3887 695 3970 quibus
719 3887 756 3949 in
780 3887 853 3950 uita
878 3886 1070 3950 cottidiana
1092 3887 1282 3951 utebantur
1300 3887 1456 3962 Romani,

282 3993 431 4057 alterum
456 4015 583 4070 eorum,
609 3993 732 4078 quibus
763 4015 860 4058 sacra
892 3994 1198 4070 administrabant;
1233 3997 1337 4076 atque
1362 3995 1456 4058 haud

389 4186 409 4254 ¹)
430 4184 521 4239 Varro
542 4189 558 4241 l.
572 4188 604 4242 L.
624 4191 649 4254 5,
662 4189 713 4242 124
733 4188 787 4250 Qui
803 4185 947 4255 (uinum)
966 4187 1103 4239 sumebam
1115 4189 1278 4254 minutatim,
1299 4203 1316 4237 a
1328 4187 1455 4237 summula

280 4276 426 4342 simpulum
445 4278 630 4331 umuiuaruut.
667 4279 697 4327 iu
723 4277 830 4328 huiusce
856 4277 940 4327 locum
966 4278 996 4327 iu
1021 4278 1154 4328 conuiuiis
1172 4293 1184 4328 c
1205 4277 1319 4328 Graecia
1337 4276 1457 4326 suecessit

281 4365 413 4432 epichusis
432 4371 454 4416 et
472 4366 584 4429 cyathus
591 4383 602 4428 ,‘
620 4369 650 4417 iu
668 4366 811 4430 sacrificiis
829 4368 958 4416 remansit
975 4371 1068 4430 quilius
1086 4371 1109 4417 et
1126 4367 1281 4432 simpulum.

390 4453 411 4522 ²)
431 4452 502 4508 Non.
522 4472 548 4522 p.
569 4457 660 4522 544,3
687 4453 805 4507 Varro
825 4454 866 4506 de
885 4453 963 4506 uita
981 4453 1013 4508 P.
1033 4453 1067 4508 R.
1093 4453 1153 4509 lib.
1173 4453 1203 4506 I:
1233 4455 1415 4521 antiquissimi
1432 4455 1461 4504 iu

281 4545 417 4595 cauiuiuiis
434 4551 508 4595 uires
526 4547 589 4596 uiui
602 4547 702 4612 prima,
719 4550 810 4612 postea
831 4547 902 4596 limas
921 4545 1065 4610 pometum,
1086 4545 1115 4595 id
1133 4551 1170 4595 esi
1188 4547 1207 4610 †
1225 4546 1297 4595 iuuari
1314 4544 1387 4608 loupi
1403 4559 1462 4593 cum

280 4634 411 4700 opercula,
433 4635 469 4684 ad
487 4651 578 4700 cuipas,
598 4637 676 4686 terlio
694 4635 847 4702 amphoras.
