3670 5476
801 423 961 514 Q-

296 638 356 698 aut
381 633 482 698 Gallo
507 634 656 698 dictatas
681 636 899 698 confitentur.
948 638 1127 719 praeterea
1157 635 1221 699 hae
1245 634 1381 718 glossae
1410 657 1469 697 nu-

296 763 389 806 mero
412 745 483 804 tam
508 763 638 825 paucae
661 745 802 825 tamque
827 743 991 806 disiectae
1016 746 1106 819 sunt,
1135 745 1176 805 ut
1199 742 1257 806 uix
1281 743 1469 808 uerisimile

296 850 341 913 sit
365 870 421 913 eas
447 851 540 913 certo
572 849 705 912 auctori
737 849 854 913 deberi
885 849 952 912 nisi
983 850 1207 932 grammatico
1232 850 1378 928 cuidam,
1411 851 1470 932 qui

296 977 352 1022 eas
377 958 460 1020 data
483 957 660 1020 occasione
681 955 881 1039 explicaret.
917 977 1019 1039 quam
1043 956 1217 1020 tralaticia
1239 978 1322 1021 uero
1343 958 1385 1021 de
1404 957 1469 1020 iul·

294 1064 433 1147 goribus
451 1063 609 1127 doctrina
625 1063 733 1126 fuerit
757 1063 1082 1140 animaduertemus,
1098 1085 1186 1138 ,cum
1210 1063 1301 1128 inter
1325 1085 1360 1128 se
1383 1085 1469 1128 com·

295 1171 530 1256 parauerimus
560 1169 709 1252 glossam
744 1171 846 1233 modo
882 1191 902 1233 a
935 1191 988 1234 me
1023 1169 1170 1234 relatam
1201 1174 1237 1234 et
1267 1170 1356 1234 hanc
1388 1171 1469 1234 Atei

297 1277 474 1362 Capitonis
506 1258 771 1360 explicationem
802 1271 846 1360 (p.
865 1281 939 1354 245,
953 1273 1006 1359 22)
1038 1277 1368 1340 PEREMPTALIA
1399 1272 1469 1359 (sul-

293 1380 399 1466 pura),
429 1408 509 1465 quae
540 1391 699 1464 superiora
728 1390 855 1464 fulgura
878 1394 934 1447 aut
959 1383 1005 1463 [ut
1027 1383 1100 1463 cod}
1123 1393 1269 1464 portenta
1291 1394 1467 1466 peremunt,

294 1498 326 1554 id
350 1501 399 1555 est
422 1498 546 1554 tollunt.
594 1511 682 1573 quae
707 1491 794 1554 duae
819 1490 962 1573 glossae,
988 1511 1066 1554 cum
1090 1491 1163 1554 sine
1191 1491 1295 1554 dubio
1324 1491 1468 1554 diuersis

296 1599 493 1662 auctoribus
517 1598 709 1661 debeantur
721 1591 751 1677 ¹),
777 1618 839 1661 nos
864 1600 1093 1680 commonent,
1119 1619 1186 1680 quo
1210 1600 1313 1681 pacto
1335 1597 1467 1662 factum

295 1706 349 1782 sit,
383 1708 422 1768 ut
452 1704 699 1789 explicationes
730 1725 816 1788 quae
848 1706 940 1787 apud
964 1705 1122 1768 Verrium
1155 1705 1361 1788 legebantur
1391 1727 1468 1769 cum

294 1813 336 1876 iis
366 1832 450 1896 quas
482 1811 630 1875 Caecina
663 1812 810 1875 dederat
843 1832 944 1894 saepe
983 1814 1185 1894 congruant.
1238 1812 1356 1894 itaque
1390 1833 1467 1876 cum

296 1919 466 1984 Caecinae
491 1939 616 1982 nomen
640 1939 808 2001 nusquam
833 1920 926 2002 apud
950 1919 1091 1982 Festum
1115 1918 1308 1982 Paulumue
1331 1919 1469 2002 legatur

295 2030 398 2110 atque
431 2047 518 2108 quae
549 2027 586 2088 in
621 2025 739 2089 alteris
770 2025 967 2089 litterarum
1003 2025 1160 2109 partibus
1196 2026 1238 2090 de
1273 2025 1468 2108 fulgoribus

295 2135 396 2198 datae
421 2136 503 2196 sunt
528 2132 772 2216 explicationes
796 2127 959 2215 Capitoni
983 2132 1168 2196 tribundae
1192 2133 1270 2210 sint,
1296 2133 1468 2197 neminem

294 2236 368 2306 iore
387 2241 535 2304 arbitror
552 2240 635 2323 quin
651 2239 736 2302 mihi
754 2239 979 2314 adsentiatur,
998 2261 1074 2303 cum
1089 2239 1257 2304 Caecinae
1269 2240 1360 2304 inter
1369 2239 1469 2304 Verri

296 2351 453 2411 auctores
466 2347 580 2411 locum
595 2367 666 2410 esse
679 2367 859 2429 negavero.
883 2367 993 2430 neque
1007 2349 1082 2410 erat
1095 2368 1155 2410 cur
1163 2346 1302 2410 Verrius
1313 2347 1467 2409 animum

297 2455 495 2519 intenderet
519 2455 562 2517 ad
587 2475 636 2531 ea,
667 2475 754 2537 quae
779 2452 927 2518 Caecina
958 2455 1000 2518 de
1024 2454 1170 2517 Etrusca
1198 2453 1380 2538 disciplina
1402 2456 1489 2517 tra.

294 2563 438 2626 diderat.
486 2584 565 2625 nam
596 2561 767 2624 uocabula
797 2561 985 2644 auguribus
1017 2561 1136 2645 populi
1160 2561 1306 2624 Romani
1338 2561 1467 2624 usitata

293 2670 464 2752 explicare
488 2669 629 2734 uolebat
653 2689 760 2752 eaque
784 2669 858 2732 sola
881 2669 1085 2752 explicauit;
1116 2668 1339 2732 Etruscorum
1370 2688 1467 2731 uoca-

293 2776 376 2839 bula
399 2797 469 2839 non
494 2776 630 2838 curauit
654 2797 765 2858 neque
789 2776 872 2858 quid
897 2776 1131 2859 significarent
1162 2796 1247 2859 opus
1271 2778 1346 2839 erat
1370 2795 1467 2858 expe·

293 2883 375 2961 dire,
401 2905 478 2947 cum
495 2883 595 2947 Verri
620 2886 734 2947 aetate
751 2883 974 2947 Etruscorum
1000 2884 1041 2947 de
1064 2882 1259 2966 fulgoribus
1284 2882 1467 2966 disciplina

292 3011 361 3053 non
385 2991 454 3053 iam
477 2991 606 3054 Romae
631 2990 814 3073 diuulgata
837 2994 937 3054 esset.

398 3097 500 3159 Nunc
524 3097 568 3159 ad
593 3099 783 3160 ceterarum
809 3097 1028 3182 auguralium
1052 3097 1242 3180 glossarum
1262 3096 1467 3160 indicandos

290 3207 447 3268 auctores
472 3204 714 3286 adgrediamur
738 3208 772 3267 et
796 3205 847 3268 ita
863 3205 1011 3287 quidem,
1036 3208 1077 3267 ut
1101 3205 1227 3268 iterum
1252 3196 1465 3286 singularum

290 3311 485 3375 litterarum
498 3311 596 3374 binas
609 3313 724 3394 partes
736 3311 921 3394 diligenter
933 3312 1025 3375 inter
1036 3331 1070 3374 se
1082 3311 1270 3375 habeamus
1282 3309 1465 3374 seiunctas.

292 3419 446 3482 citantur
480 3418 515 3480 in
552 3419 605 3480 his
642 3417 765 3500 glossls
801 3417 882 3482 libri
919 3418 975 3483 uel
1012 3418 1248 3482 commentarii
1284 3417 1467 3500 augurales

292 3549 321 3604 p.
348 3530 422 3598 270,
444 3531 484 3587 30
521 3523 761 3602 [Rumentum
796 3531 828 3588 in
860 3524 1103 3605 ascellaribus.
1158 3551 1187 3606 p.
1213 3532 1287 3600 317,
1309 3531 1347 3588 31
1381 3529 1468 3586 San·

291 3638 416 3712 qualis
446 3637 514 3693 auis
540 3680 546 3693 .
573 3680 579 3693 .
607 3681 613 3693 .
640 3629 681 3710 [in
704 3630 966 3710 comlmentaris
991 3631 1245 3713 augurallibusl.
1288 3657 1318 3712 p.
1338 3637 1411 3705 322,
1428 3637 1466 3692 16

293 3736 430 3816 [Salrte
453 3745 491 3800 in
515 3736 761 3818 augulrale'busl.
801 3764 831 3818 p.
850 3743 958 3813 333,9
983 3744 1134 3820 Speotio
1152 3747 1190 3802 in
1206 3745 1471 3826 auguralibus·

294 3845 451 3909 Verrium
482 3847 543 3908 has
574 3845 703 3929 glossas
728 3867 797 3909 non
826 3866 867 3910 ex
894 3846 977 3930 ipsis
1001 3867 1170 3929 augurum
1194 3848 1459 3926 commentariis,

292 3952 335 4014 ad
367 3973 451 4034 quos
482 3953 645 4016 libertino
679 3953 710 4016 ei
742 3953 857 4016 aditus
888 3953 1027 4018 minime
1058 3953 1210 4037 patebat,
1248 3954 1466 4038 exscripsisse

292 4064 414 4143 suapte
450 4064 574 4123 natura
599 4064 866 4124 consentaneum
893 4064 945 4124 est
956 4058 1106 4144 ²)atque
1131 4061 1376 4145 comprobatur
1406 4083 1467 4146 per

292 4167 393 4229 aliam
419 4166 577 4249 glossam,
602 4188 690 4250 quae
721 4167 757 4230 in
788 4168 898 4232 altera
928 4168 1065 4232 litterae
1098 4189 1178 4233 suae
1210 4170 1307 4253 parte
1339 4168 1467 4252 legitur

292 4299 323 4354 p.
342 4277 452 4348 253,2
488 4280 698 4337 PALVDATI
730 4282 763 4337 in
796 4281 882 4338 libris
918 4282 1120 4355 auguralibus
1155 4282 1320 4356 significat,
1353 4285 1390 4339 ut
1423 4284 1468 4340 ait

400 4520 420 4587 ¹)
438 4518 480 4574 Cf.
500 4519 728 4573 Reitzensteinius
746 4538 772 4589 p.
788 4523 830 4587 75,
843 4524 869 4576 2.

400 4609 420 4674 ²)
441 4608 481 4666 Gt
495 4608 628 4665 Wissowa
647 4609 675 4662 in
693 4611 801 4678 Eumol.
821 4613 847 4678 2,
859 4613 937 4665 2324
