3670 5476
942 429 983 486 38

375 641 446 702 mat
481 659 531 715 ea,
571 659 658 722 quae
685 638 825 703 Verrius
861 637 1007 704 Ouidius
1042 638 1158 720 Lydus
1192 637 1356 714 referant,
1397 637 1549 720 exceptis

375 746 609 810 Praenestinis
633 746 751 830 paucis
775 767 796 809 a
811 745 933 810 Verrio
957 745 1101 808 adiectis
1125 745 1241 808 omnia
1264 745 1414 828 pendere
1438 743 1550 807 uideri

376 873 394 916 0
417 853 518 915 fastis
542 853 691 936 publicis
715 853 835 937 populi
851 852 903 929 R,
927 855 1045 916 tamen
1063 851 1253 916 arbitratur
1265 851 1423 924 Verrium
1440 851 1550 915 fastos

377 981 455 1023 suos
479 960 664 1024 Praeneste
695 960 890 1044 publicatos
920 959 1067 1023 fortasse
1099 960 1305 1043 excerpsisse
1336 980 1355 1024 e
1383 979 1550 1023 commen-

376 1067 476 1143 tario,
501 1087 602 1149 quem
627 1068 669 1130 de
693 1067 789 1132 feriis
812 1067 979 1150 testisque
1008 1067 1257 1150 conscripserat
1267 1062 1299 1148 ¹).
1346 1067 1550 1149 argumento

377 1175 490 1237 utitur
519 1175 601 1237 hoc:
638 1175 791 1258 apprime
823 1173 991 1238 eiusmodi
1025 1173 1114 1237 libro
1149 1174 1363 1238 conueniunt
1392 1193 1479 1255 quae
1510 1193 1550 1236 ex

378 1281 553 1345 Verrianis
576 1281 674 1344 libris
703 1281 809 1344 titulo
839 1303 909 1344 non
934 1281 1108 1364 adscripto
1132 1282 1224 1364 apud
1248 1280 1463 1344 Macrobium
1487 1282 1550 1342 sat.

382 1395 408 1465 1,
425 1393 475 1464 10,
494 1393 523 1450 7.
542 1409 569 1452 c.
591 1392 639 1466 12,
657 1393 695 1450 15
712 1389 923 1454 referuntur.
955 1388 1053 1472 atqui
1069 1388 1162 1472 apud
1174 1388 1389 1452 Macrobium
1406 1383 1447 1467 (1,
1460 1392 1509 1464 10,
1520 1380 1551 1469 7)

379 1495 465 1560 haee
488 1494 652 1578 legimus:
687 1501 880 1559 Duodecimo
911 1518 986 1559 uero
1018 1490 1089 1578 (kal.
1115 1488 1194 1576 Ian.)
1225 1501 1321 1558 feriae
1353 1504 1429 1558 sunt
1459 1501 1552 1556 diuae

380 1608 587 1682 Angeroniae‚
619 1609 669 1665 cui
699 1608 863 1682 pontifices
894 1610 927 1666 in
958 1608 1071 1666 sacello
1095 1608 1247 1682 Volupiae
1272 1625 1397 1665 sacrum
1420 1607 1551 1665 iaciunt.

380 1733 476 1789 quam
499 1715 627 1772 Verrius
657 1715 787 1773 Flaccus
818 1715 1032 1791 Angeroniam
1063 1716 1123 1773 dici
1154 1715 1208 1782 ait,
1239 1715 1325 1789 quod
1354 1732 1487 1790 angores
1517 1731 1554 1771 ac

382 1822 608 1880 sollicitudines
632 1823 810 1880 animorum
834 1822 1002 1897 propitiata
1026 1822 1163 1897 depellat
1187 1816 1246 1880 ..ζ
1271 1822 1371 1879 Iulius
1390 1822 1554 1878 Modestus

381 1929 451 1986 ideo
483 1929 649 1987 sacrificari
678 1930 752 1987 huic
782 1930 858 1987 deae
894 1929 970 1987 dicit
1000 1929 1084 2004 quod
1113 1929 1248 2004 populus
1280 1929 1315 1986 R.
1347 1928 1466 1997 morbo,
1502 1927 1555 2002 qui

381 2037 498 2112 angina
527 2037 651 2105 dicitur,
682 2037 855 2111 praemisso
886 2040 961 2093 uoto
992 2037 1033 2094 sit
1064 2036 1224 2094 liberatus.
1272 2030 1332 2094 sed
1348 2029 1488 2094 Verrius
1513 2028 1555 2091 de

381 2139 447 2202 hac
471 2138 535 2202 dea
559 2138 663 2202 etiam
686 2138 723 2200 in
746 2138 845 2202 libris
869 2139 911 2202 de
936 2137 1133 2220 significatu
1157 2137 1341 2201 uerborum
1363 2139 1490 2219 egerat,
1516 2138 1556 2197 ut

382 2266 491 2329 parua
513 2245 599 2308 baec
615 2244 717 2307 Pauli
738 2244 854 2327 glossa
877 2247 1026 2308 testatur
1050 2239 1092 2328 (p.
1114 2249 1162 2321 17,
1180 2241 1245 2323 11);
1271 2243 1462 2325 Anpcrcnoe
1481 2243 1557 2306 deoc

382 2371 477 2416 sucro
500 2372 521 2414 c
544 2349 703 2414 Romanis
724 2350 873 2414 instituto
896 2356 979 2431 sccnt,
1011 2372 1080 2415 cum
1103 2349 1225 2431 unpc'no
1255 2371 1346 2414 ccnne
1366 2371 1466 2432 penus
1488 2347 1557 2412 oni-

382 2457 515 2522 molc'nm
532 2464 774 2538 consumeretur,
792 2456 881 2521 cuius
896 2457 979 2536 festo
994 2456 1218 2539 Anpencnclc'c
1237 2456 1432 2522 dicebantur.
1468 2456 1557 2520 nihil

383 2567 491 2650 igitur
513 2586 575 2630 nos
599 2566 754 2649 impedit,
780 2566 962 2648 quominus
984 2566 1163 2630 credamus
1183 2587 1232 2642 ea,
1258 2586 1344 2649 quae
1361 2564 1558 2628 Macrobius

385 2674 427 2737 de
437 2672 558 2737 Verrio
574 2674 640 2736 hoe
656 2673 731 2736 loco
748 2672 865 2746 refert,
884 2693 925 2736 ex
938 2673 1011 2736 eius
1024 2672 1121 2736 libris
1138 2673 1180 2736 de
1195 2673 1281 2756 sign.
1296 2672 1391 2736 uerb.
1404 2673 1559 2735 nondum

386 2780 528 2843 minutis
558 2781 684 2843 hausta
715 2799 796 2856 esse,
830 2779 1032 2862 praesertim
1065 2800 1142 2844 cum
1173 2780 1319 2843 sciamus
1344 2779 1558 2854 Suetonium,

385 2907 486 2970 quem
510 2887 706 2950 Macrobius
730 2886 765 2949 in
789 2886 843 2948 his
871 2885 1042 2969 capitibus
1071 2881 1280 2970 expilauit2),
1313 2887 1398 2950 alias
1425 2905 1560 2968 quoque

386 2991 480 3057 bisce
496 2993 595 3057 Verri
618 2993 716 3057 libris
740 3014 840 3056 usum
865 3015 948 3058 esse.
996 2994 1088 3076 idem
1112 2994 1154 3057 de
1179 2994 1247 3057 alio
1271 2994 1347 3058 loco
1371 2986 1559 3076 (1,12,15),

387 3122 487 3184 quem
512 3100 744 3164 Mommsenus
768 3101 946 3176 indicauit,
971 3100 1196 3164 iudicandum
1221 3104 1282 3165 est.
1326 3102 1366 3165 cb
1389 3099 1440 3164 bis
1463 3098 1559 3163 omni·

388 3210 452 3287 bue,
477 3208 591 3290 inquit
606 3207 812 3284 Macrobius,
837 3228 973 3271 inensem
988 3206 1135 3288 Aprilem
1155 3207 1350 3272 dirimente
1373 3207 1560 3272 credendum

388 3321 440 3394 est,
465 3313 558 3395 quusi
580 3313 751 3395 Apenilenc,
781 3313 863 3378 sicut
891 3315 979 3396 apud
1000 3313 1210 3379 Athenienses
1234 3317 1448 3398 ἀνθεστηριών
1477 3313 1561 3377 idern

387 3420 505 3485 mensis
527 3427 661 3486 uocetur
682 3422 722 3484 nb
745 3441 788 3501 cc,
813 3422 896 3501 quod
918 3421 974 3486 boc
997 3427 1131 3502 ternpore
1149 3427 1262 3486 cuncta
1279 3423 1460 3500 florescant.
1496 3441 1561 3484 non

389 3534 494 3592 tumen
524 3534 618 3609 nepot
649 3527 781 3592 Verrius
810 3529 952 3592 Flaccus
981 3527 1038 3592 boc
1067 3528 1118 3592 die
1141 3535 1253 3611 posteo
1283 3527 1492 3608 constitutum,
1527 3532 1561 3590 ut

388 3641 554 3699 matronae
576 3634 692 3699 Veneri
714 3656 841 3699 sucrum
862 3635 1014 3714 seruent.
1050 3636 1191 3701 Verrius
1215 3658 1292 3700 cum
1316 3637 1408 3701 inter
1430 3637 1560 3720 glossas

390 3743 570 3827 explicarit
600 3743 741 3806 nomina
770 3743 936 3808 Februari
967 3739 1010 3826 (p.
1036 3741 1173 3826 8513),
1209 3744 1315 3808 Marti
1346 3741 1389 3828 (p.
1410 3737 1560 3825 15017),

390 3850 463 3914 Mai
486 3845 529 3934 (p.
549 3853 621 3926 134,
637 3843 700 3932 27),
732 3850 814 3913 Iuni
837 3850 975 3933 Iulique
1000 3844 1043 3935 (p.
1064 3847 1281 3932 103,14.15),
1315 3851 1459 3915 dubium
1489 3870 1561 3914 esse

390 3979 459 4021 non
476 3960 599 4042 potest,
625 3957 706 4039 quin
728 3957 913 4040 explicatio
929 3958 1060 4041 Aprilis
1080 3958 1274 4041 deperierit.
1313 3958 1460 4022 tortasse
1477 3958 1562 4020 haec

391 4064 576 4147 explicatio
593 4064 778 4128 coniuncta
793 4067 868 4129 erat
884 4085 960 4128 cum
978 4065 1092 4147 glossa
1108 4059 1154 4148 (p.
1174 4069 1202 4141 2,
1219 4061 1264 4146 7);
1290 4063 1447 4145 Apricum
1463 4064 1563 4128 locum

393 4193 413 4235 c
436 4171 499 4234 sole
522 4175 664 4251 opertum
687 4174 751 4236 cet.
791 4172 935 4249 accedit,
960 4173 1051 4254 quod
1075 4173 1167 4254 apud
1183 4172 1398 4236 Macrobium
1421 4173 1457 4234 iu
1482 4171 1564 4234 anni

392 4279 432 4341 R..
457 4278 687 4366 descriptione
718 4299 819 4361 saepe
849 4279 935 4342 talia
958 4278 1120 4361 legimus:
1156 4277 1295 4342 Cincius
1324 4278 1361 4341 in
1393 4299 1433 4343 eo
1463 4278 1562 4355 libro,

499 4523 520 4594 ¹)
540 4521 679 4590 01L1p.
698 4525 759 4590 363,
778 4521 807 4574 in
827 4521 868 4576 ed.
888 4523 975 4576 altera
993 4540 1019 4591 p.
1039 4525 1100 4579 285.

501 4611 521 4683 a)
541 4612 582 4668 Of.
595 4612 730 4666 Wissowa
748 4614 780 4665 dc
797 4612 931 4664 Macrobii
948 4613 1170 4666 Saturnaliocum
1188 4615 1308 4678 fontibus
1326 4632 1352 4682 p.
1372 4616 1499 4670 22-26.
