3670 5476
950 411 968 468 8

368 647 397 703 p.
418 628 469 697 98,
486 629 524 686 13
550 627 817 685 Gutturninm
841 645 909 696 uas,
932 645 970 684 ex
993 644 1054 702 quc
1078 645 1160 702 aqua
1183 627 1216 684 in
1239 643 1353 682 manus
1378 625 1481 694 datur,
1506 625 1546 681 ab

412 752 458 804 eo,
483 736 567 810 quod
590 740 717 810 propter
741 737 801 792 oris
825 736 990 809 angustias
1014 735 1165 808 guttatim
1188 733 1276 790 fluat.

368 861 398 918 p.
418 842 502 911 51,2
551 841 724 916 Onligna
746 860 804 899 uas
827 843 994 918 potorium.
1035 839 1112 899 Cato
1137 831 1350 914 Oulignam,
1372 839 1484 914 inquit,
1509 838 1547 896 in

413 949 501 1007 feno
525 948 668 1006 Graeco
691 950 812 1025 ponit,
837 952 878 1006 ut
901 949 994 1006 bene
1018 949 1128 1006 oleat.
1408 997 1410 1002 .

368 1076 397 1133 p.
417 1055 502 1123 65,2
550 1055 733 1113 OVLIGNA
765 1074 822 1114 uas
857 1057 1015 1113 uinarium
1044 1073 1063 1112 a
1094 1054 1213 1112 Graeco
1244 1054 1338 1122 dicta,
1372 1070 1468 1128 quam
1502 1053 1547 1108 illi

413 1164 524 1220 dicunt
546 1157 668 1220 κύλικα.

368 1280 398 1336 p.
419 1261 526 1330 51,10
550 1259 745 1335 Cymbium
775 1262 878 1337 poculi
908 1278 1008 1335 genus
1039 1280 1058 1318 a
1089 1260 1296 1318 similitudine
1331 1260 1434 1328 nauis,
1466 1275 1546 1333 quae

413 1364 528 1446 κυμβίς
551 1368 675 1437 dicitur,
701 1369 903 1443 appellatum.

369 1495 399 1551 p.
419 1475 492 1545 105,
509 1476 547 1532 12
572 1475 698 1532 Irnela
721 1476 807 1533 uasis
831 1493 931 1550 genus
955 1477 989 1534 in
1012 1477 1117 1534 sacris.

369 1601 399 1658 p.
419 1582 526 1652 53,10
573 1580 768 1640 Creterrae
800 1584 990 1641 uocabulum
1020 1585 1157 1642 trahitur
1179 1602 1198 1641 a
1222 1586 1351 1651 cratere,
1380 1581 1466 1656 qnod
1490 1566 1547 1637 aas

414 1692 463 1746 est
486 1690 553 1747 uini
566 1683 597 1761 1).

369 1807 399 1864 p.
420 1788 525 1857 115,6
573 1788 728 1863 Lepista
752 1807 852 1864 genus
875 1789 962 1847 uasis
985 1784 1146 1865 aquarii2).

369 1908 399 1971 p'.
420 1895 493 1964 115,
510 1896 548 1953 13
573 1895 750 1958 Lesbium
773 1914 873 1970 genus
897 1897 983 1954 uasis
1007 1898 1119 1956 caelati
1142 1915 1161 1954 a
1184 1896 1293 1953 Lesbis
1316 1896 1494 1951 inuentum.

369 2021 399 2077 p.
420 2002 549 2071 125,18
574 2003 720 2060 Matula
743 2022 801 2061 uas
824 2005 943 2062 urinae.

369 2129 400 2184 p.
420 2111 526 2179 126,3
573 2110 745 2167 Matellio
769 2110 1003 2169 deminutiuum
1027 2130 1046 2169 a
1069 2105 1232 2184 1111111113).

369 2235 399 2291 p.
420 2217 493 2286 169,
509 2217 546 2274 11
573 2217 799 2275 Nassiterna
823 2223 872 2275 est
887 2236 988 2293 genus
1005 2220 1074 2277 uasi
1090 2220 1199 2294 aquari
1215 2218 1319 2275 ansati
1343 2219 1375 2274 et
1398 2215 1546 2290 patentis,

414 2324 506 2398 quale
534 2316 667 2399 estque
695 2326 767 2398 equi
789 2325 937 2400 pertundi
968 2327 1079 2384 solent.
1126 2326 1258 2383 Plautus
1282 2326 1316 2382 in
1339 2322 1547 2380 Bacchidibus

416 2429 498 2500 (fr.
516 2431 536 2487 4
552 2431 642 2494 L.>:
675 2431 811 2506 Ecquis
836 2422 938 2507 (haec
961 2434 1045 2507 quis
1069 2427 1142 2504 cod.)
1166 2435 1299 2490 euocat
1322 2449 1404 2489 cum
1427 2429 1545 2486 nassi-

414 2541 524 2595 terna
540 2541 576 2595 et
592 2555 673 2595 cum
690 2555 784 2612 aqua
799 2539 916 2596 istum
932 2537 1252 2615 impurissimum?
1273 2543 1305 2596 et
1321 2539 1354 2594 in
1366 2537 1548 2595 Neruolaria

415 2643 549 2714 <imma
572 2644 604 2702 ia
627 2643 724 2704 Sueto
749 2645 870 2714 352>2
900 2647 1035 2722 Ecquis
1059 2648 1130 2704 huc
1154 2647 1270 2704 effert
1293 2645 1547 2702 nassiternam

415 2767 496 2809 cum
519 2769 615 2826 aqua
639 2753 719 2809 sine
744 2751 955 2828 suffragio?
1002 2758 1034 2812 et
1057 2753 1136 2812 Cato
1159 2754 1192 2811 in
1216 2771 1252 2811 aa
1277 2754 1426 2820 oratione,
1452 2769 1547 2826 qnam

415 2860 592 2934 composuit
614 2860 648 2916 in
671 2856 708 2930 Q.
733 2858 921 2935 Sulpicium:
948 2859 1132 2933 Quotiens
1156 2862 1235 2918 vidi
1258 2860 1421 2917 trulleos
1441 2851 1547 2930 (Stat,

416 2967 553 3023 truilos
588 2960 675 3038 cod),
711 2969 965 3038 nassiternas,
1001 2973 1179 3044 pertusos
1213 2961 1261 3040 (A.
1293 2965 1429 3040 rimport,
1468 2983 1547 3040 per·

414 3071 521 3130 lusos
545 3067 618 3145 aad.)
641 3075 803 3148 aqualis,
828 3077 1005 3133 matellas
1030 3076 1112 3133 sine
1136 3069 1280 3147 ansis4).

370 3197 400 3253 p.
421 3179 494 3249 169,
509 3180 549 3237 23
581 3179 850 3239 Naustibulum
885 3183 1043 3240 uocabant
1077 3183 1199 3257 antiqui
1234 3200 1291 3240 uas
1327 3181 1409 3238 aluei
1444 3180 1546 3236 simile

415 3278 571 3360 nidlelicet]
596 3305 614 3344 a
637 3289 729 3346 nauis
753 3290 969 3348 similitudine.

373 3411 403 3468 p.
424 3393 462 3450 17
467 3394 529 3462 o,5
576 3394 726 3452 NANVM
750 3396 861 3454 Gracci
884 3416 941 3455 uas
965 3398 1130 3473 aquarium
1147 3398 1258 3455 dicunt
1279 3395 1398 3453 humile
1422 3398 1454 3452 11
1477 3412 1547 3452 con·

417 3518 547 3571 cauum,
576 3503 660 3577 quod
692 3505 787 3578 uulgo
822 3508 939 3562 uocant
973 3505 1104 3562 situlum
1139 3504 1322 3573 barbatum,
1355 3502 1440 3560 unde
1472 3503 1547 3560 nani

414 3609 602 3682 pumiliones
627 3611 828 3685 appellantur
839 3605 871 3684 ⁵).

372 3706 586 3716 ———-——

478 3739 759 3810 1)11011.Ρ.547,26
786 3742 901 3798 Varro
927 3743 969 3797 de
989 3743 1067 3797 uita
1085 3743 1116 3799 P.
1136 3743 1170 3800 R.
1202 3744 1261 3799 lib.
1281 3741 1355 3796 III:
1383 3743 1419 3795 ad
1437 3743 1548 3807 Sybari-

371 3832 462 3881 tanam
487 3831 628 3898 praedam,
654 3834 684 3883 iu
703 3849 757 3900 qua
775 3839 838 3884 sunt
862 3834 980 3901 tripodes
1005 3841 1136 3887 creterrae
1154 3849 1291 3886 anancaeo
1307 3833 1402 3901 pocula
1421 3833 1549 3885 nobilium

371 3922 544 3974 tarantarum.
1151 3927 1153 3931 ’

480 4007 499 4076 ²)
516 4007 587 4064 Non.
606 4025 633 4078 p.
648 4013 709 4078 547,
718 4013 752 4066 21
773 4011 1061 4083 Lepistaesetiamnuno
1073 4014 1235 4065 Sabinorum
1247 4013 1323 4078 fanis
1337 4011 1548 4079 pauperioribus

366 4096 502 4166 plerisque
520 4105 568 4150 aut
585 4100 677 4164 fictiles
695 4107 758 4152 sunt
776 4108 825 4153 aut
843 4118 936 4154 aeneae
953 4101 997 4170 (cf.
1018 4101 1036 4156 l.
1049 4101 1082 4156 L.
1103 4101 1214 4172 5123).

480 4187 499 4255 ⁸)
519 4186 609 4242 Varro
629 4189 645 4248 l,
659 4190 691 4244 L.
711 4191 736 4256 5,
751 4192 802 4246 119
821 4193 935 4244 Accessit
953 4191 1069 4244 matellio
1087 4209 1105 4244 a
1124 4193 1227 4244 matula
1245 4193 1331 4244 dictus
1350 4199 1373 4243 et
1391 4192 1475 4256 fictus.

478 4277 499 4344 ⁴)
518 4275 591 4330 Non.
609 4295 636 4346 p.
647 4267 735 4347 547,3
752 4277 866 4333 Varro
885 4278 927 4332 de
946 4279 1024 4332 uita
1042 4279 1074 4336 P.
1087 4279 1121 4335 R.
1141 4280 1247 4335 lib.I:
1266 4284 1397 4348 itaqueea
1410 4281 1463 4333 siti
1473 4281 1548 4332 modo

366 4380 466 4433 ponere
478 4382 509 4418 ao
521 4368 686 4435 suspendere,
705 4384 773 4435 qaue
784 4370 890 4420 utilitas
904 4370 1063 4437 postularet,
1084 4371 1217 4436 trulleum,
1236 4371 1421 4435 matellionem,
1436 4369 1547 4436 peluim,

369 4458 558 4524 nassiternam,
579 4473 632 4510 non
650 4474 718 4524 quae
737 4459 866 4510 luxuriae
884 4475 966 4510 causa
984 4466 1066 4512 essent
1080 4465 1193 4526 parata.

478 4545 498 4615 ὅ)
517 4546 607 4601 Varro
628 4549 645 4602 t.
659 4548 690 4602 L.
710 4549 736 4615 5,
751 4550 801 4603 119
828 4549 924 4600 Nanus
949 4552 1076 4616 (magmas
1099 4548 1211 4616 codd.)
1237 4566 1296 4602 aum
1317 4549 1418 4602 araur
1443 4550 1549 4600 nomine

368 4638 392 4686 et
410 4651 469 4687 cum
488 4636 587 4688 Latina
605 4639 710 4691 nomine
730 4638 834 4690 Graeca
854 4639 945 4705 fipura
965 4639 1101 4695 turbatus.
