3670 5476
868 454 1023 545 ΑΒ..

363 665 560 747 peregrinos
577 665 639 726 hos
655 665 763 727 fastos
780 663 863 747 ipsis
878 663 1042 726 Romanis
1064 663 1166 726 etiam
1190 684 1408 746 comprensos
1427 663 1535 727 fuisse

363 771 498 848 scimus,
530 793 607 834 nam
637 771 833 858 saepissime
859 791 973 834 eorum
1004 769 1132 833 mentio
1157 772 1197 832 fit
1221 771 1257 831 in
1281 771 1535 834 commentariis

363 879 533 942 fastorum
549 879 791 954 Romanorum,
817 877 907 940 sicut
927 879 962 940 et
974 876 1115 940 Verrius
1132 877 1284 940 iniustis
1301 877 1534 940 Praenestinis

363 1006 420 1050 eos
444 985 602 1068 respexit.
642 985 759 1066 itaque
783 984 843 1048 ubi
860 982 1006 1047 Ouidius
1029 983 1151 1046 talium
1172 984 1340 1046 fastorum
1364 983 1534 1048 laterculo

362 1113 480 1157 recens
504 1093 663 1155 ordinato
688 1090 723 1155 et
747 1091 836 1155 bono
860 1091 1007 1173 quodam
1034 1091 1279 1154 commentario
1304 1111 1339 1153 se
1359 1091 1532 1168 instruxit,

362 1200 476 1276 facile,
508 1199 565 1282 qui
599 1202 672 1263 erat
703 1201 806 1283 poeta
836 1198 975 1281 ingenio
1006 1201 1041 1261 et
1065 1198 1248 1261 memoriae
1273 1198 1309 1260 ui
1333 1219 1463 1262 summe
1488 1199 1534 1260 di·

363 1308 562 1390 uinitusque
586 1306 773 1389 praeditus,
799 1305 842 1368 ad
866 1305 975 1368 fastos
1001 1305 1200 1389 pangendos
1222 1306 1383 1369 accedere
1409 1306 1533 1387 potuit.

363 1416 422 1478 sed
447 1413 523 1477 aliis
547 1435 681 1496 quoqne
706 1433 741 1476 se
765 1412 922 1476 fontibus
946 1433 1046 1475 nsum
1071 1432 1144 1476 esse
1168 1412 1240 1494 ipse
1265 1411 1465 1476 confitetur:

453 1546 482 1613 2,
498 1544 560 1600 584
592 1545 687 1612 disce,
711 1561 767 1618 per
789 1543 935 1618 antiquos
958 1559 1039 1617 quae
1063 1543 1140 1599 mihi
1163 1547 1239 1600 nota
1262 1560 1363 1600 senes

452 1653 482 1720 4,
495 1652 557 1708 377
590 1652 683 1708 tertia
705 1652 759 1707 lux
783 1641 934 1726 (memini)
958 1651 1041 1707 ludis
1066 1653 1142 1718 erat,
1167 1667 1203 1706 ac
1228 1651 1304 1706 mihi
1328 1650 1455 1724 quidam

620 1759 776 1834 spectanti
800 1760 903 1814 senior
926 1759 1157 1832 continuusque
1182 1758 1249 1813 loeo

577 1863 673 1937 ‘haec'
699 1866 744 1923 ait
768 1862 831 1921 ‘illa
855 1865 932 1922 dies'
958 1869 1007 1922 cel.

451 1975 481 2042 4,
497 1973 559 2030 689
590 1974 616 2029 is
640 1973 717 2029 mihi
741 1972 842 2030 multa
865 1973 993 2047 quidem
1024 1973 1080 2029 sed
1111 1973 1243 2029 ethaeo
1267 1989 1376 2029 narare
1401 1973 1531 2039 solebat,

618 2081 702 2137 unde
726 2097 833 2136 meum
857 2097 1005 2154 praesens
1029 2081 1238 2137 instrueretur
1261 2097 1348 2154 opus.

452 2189 482 2256 4,
499 2189 560 2244 907
592 2188 708 2245 flamen
730 2187 764 2243 in
787 2187 935 2261 antiquae
958 2188 1065 2244 lucum
1090 2187 1250 2260 Robiginis
1274 2187 1341 2243 ibat
1365 2231 1371 2244 .
1398 2231 1404 2244 .
1432 2231 1438 2244 .

618 2296 760 2370 protinus
785 2295 912 2363 accessi,
937 2295 1016 2351 ritus
1039 2311 1079 2351 ne
1103 2295 1228 2351 nescius
1253 2312 1371 2351 essem:

664 2402 763 2458 edidit
786 2402 863 2458 haec
886 2401 1002 2458 flamen
1026 2402 1132 2470 uerba,
1157 2400 1295 2472 Quirine,
1320 2405 1404 2458 tuus

450 2512 479 2578 6,
495 2511 557 2566 397
588 2510 650 2566 huc
673 2509 752 2583 pede
776 2513 954 2566 matronam
978 2509 1044 2566 uidi
1068 2509 1258 2566 descendere
1283 2509 1381 2564 nudo:

618 2616 755 2690 obstipui
778 2618 894 2673 tacitus
919 2616 1117 2691 sustinuique
1140 2617 1283 2690 gradum.

585 2724 685 2780 sensit
708 2741 788 2780 anus
812 2723 916 2779 uicina
940 2723 998 2779 loci
1021 2723 1206 2796 iussumque
1230 2724 1338 2779 sedere

619 2831 788 2905 alloquitur
811 2830 956 2905 quatiens
981 2847 1057 2886 uoce
1081 2833 1236 2886 tremente
1260 2833 1364 2905 caput.

466 2949 563 3014 Talia
595 2948 775 3032 colloquia,
813 2948 878 3012 etsi
909 2949 1029 3013 eodem
1060 2949 1161 3011 modo
1197 2970 1216 3011 a
1252 2952 1354 3032 poeta
1385 2950 1532 3012 conficta

360 3078 432 3120 esse
456 3059 600 3141 possunt
630 3077 697 3139 quo
722 3057 863 3120 deorum
888 3057 1097 3139 dearumque
1122 3055 1260 3120 crebrae
1285 3055 1531 3132 adlocutiones

359 3165 394 3227 id
420 3164 543 3228 saltem
567 3167 709 3228 monent
733 3166 870 3247 poetam
903 3162 1086 3226 nonnullas
1117 3163 1274 3239 fabellas,
1307 3184 1391 3247 quas
1415 3164 1531 3238 refert,

342 3271 466 3334 ‘etiam
497 3291 538 3335 ex
568 3292 626 3336 ore
657 3272 836 3334 hominum
860 3271 1034 3354 percipere
1060 3271 1221 3352 potuisse.
1268 3293 1349 3334 nam
1379 3270 1416 3332 in
1448 3291 1534 3334 com-

362 3379 539 3458 mentario,
565 3400 632 3463 quo
655 3379 829 3454 utebatur,
856 3380 949 3440 certo
969 3399 1039 3440 non
1057 3373 1209 3461 repperit
1226 3384 1381 3461 paratam
1398 3400 1532 3442 onmem

361 3487 550 3563 materiam,
582 3508 649 3569 qna
679 3486 787 3548 fastos
819 3505 897 3548 suos
927 3485 1108 3560 instruxit,
1145 3507 1224 3548 nam
1256 3486 1361 3549 etiam
1386 3485 1534 3550 Graecas

360 3593 507 3657 fabellas
535 3594 572 3656 in
601 3593 666 3656 tali
697 3592 943 3656 commentario
974 3613 1044 3654 non
1074 3593 1276 3656 decantatas
1307 3613 1379 3656 esse
1410 3614 1471 3677 per
1499 3614 1534 3655 se

361 3703 467 3784 patet.
508 3704 611 3783 atque
628 3699 790 3762 Varronis
815 3701 951 3782 poetam
977 3700 1223 3763 commentario
1247 3721 1346 3763 usum
1371 3720 1443 3764 esse
1468 3721 1534 3762 om-

360 3807 461 3870 nibus
486 3811 631 3884 constat,
657 3807 716 3890 qui
738 3807 775 3869 in
792 3805 896 3870 Ouidi
918 3807 1027 3870 fastos
1049 3807 1219 3870 intentius
1244 3807 1491 3888 quaesiuerunt
1502 3805 1532 3886 ¹).

360 3933 470 3996 neque
494 3915 677 3997 quicquam
699 3913 888 3996 parabilius
908 3916 982 3977 erat
1007 3915 1071 3976 hoc
1089 3912 1252 3976 Varronis
1277 3913 1532 3976 commentario.

359 4021 462 4083 huius
494 4021 718 4085 commentari
749 4041 916 4083 summam
948 4021 1159 4103 propositam
1191 4040 1264 4084 esse
1295 4021 1466 4083 contendo
1498 4021 1534 4082 in

360 4127 513 4192 eiusdem
538 4128 634 4191 libris
659 4129 701 4191 de
725 4127 846 4210 lingua
869 4127 993 4190 Latina
1020 4133 1049 4204 6,
1068 4132 1219 4188 12—34.
1266 4127 1327 4190 ubi
1352 4127 1473 4210 plenus
1498 4129 1533 4190 et

468 4372 487 4441 ¹)
507 4371 541 4424 [n
560 4371 612 4425 hac
630 4372 766 4426 sententia
784 4372 935 4426 rectissime
954 4375 1165 4440 perseuerarunt
1186 4371 1219 4425 H.
1240 4370 1325 4424 Peter
1351 4370 1388 4440 (in
1408 4369 1450 4424 ed.
1470 4373 1533 4424 tert.

359 4460 432 4515 Fast.
451 4478 477 4529 p.
493 4465 536 4528 17)
562 4465 590 4514 et
609 4461 761 4515 Werberus
778 4464 958 4531 (Tertullinus
976 4463 1081 4526 Schrift
1100 4463 1130 4513 de
1148 4463 1304 4527 spectaculis
1322 4463 1351 4511 in
1370 4461 1456 4511 ibrum
1470 4461 1535 4511 Ver·-

358 4551 488 4603 hdltnr'sse
506 4568 541 4601 zu
555 4552 660 4602 Vorros
673 4553 773 4602 Rerum
792 4553 951 4604 doomonte.
971 4553 1043 4602 libri.
1069 4549 1226 4604 Tesclrenao
1248 4553 1316 4604 18th
1335 4568 1360 4617 p.
1378 4550 1430 4616 1‘2).
1460 4548 1532 4600 idem

358 4640 514 4706 nuperrime
534 4639 699 4692 Muenzerus
718 4642 734 4694 l.
749 4641 764 4695 l,
785 4659 810 4708 p.
825 4644 884 4696 316.
