3670 5476
954 449 993 506 10

385 669 572 733 uerisimile
597 689 668 733 esse
693 669 840 733 eundem
869 669 1070 753 scriptorem
1101 665 1351 751 supellectilem
1380 666 1558 730 hominum

386 779 422 840 et
445 777 586 840 deorum
612 775 862 859 percensuisset
896 776 1012 852 immo,
1037 795 1134 838 sacra
1163 795 1247 838 uasa
1278 795 1355 837 cum
1385 773 1427 859 iis
1455 773 1559 836 sacris

385 883 487 946 rebus
519 882 761 965 coniungenda
791 903 873 960 esse,
898 903 985 965 quae
1010 882 1136 965 passim
1170 902 1191 945 a
1214 881 1335 944 Verrio
1360 879 1484 944 Flacco
1509 900 1559 944 ex-

385 989 534 1073 plicatae
558 990 638 1052 sint.
682 1010 769 1072 quae
794 989 977 1066 sententia,
1002 988 1067 1052 etsi
1091 987 1250 1052 ueritatis
1274 988 1422 1070 quadam
1446 987 1559 1071 specie

386 1096 542 1159 stabilita
566 1117 638 1160 esse
662 1096 834 1174 uideatur,
859 1099 976 1160 tamen
1007 1116 1047 1159 eo
1079 1095 1257 1172 euertitur,
1283 1095 1375 1177 quod
1398 1114 1559 1157 uasorum

386 1202 632 1286 explicationes
642 1223 810 1285 nusquam
823 1203 915 1266 inter
926 1202 1057 1286 glossas
1070 1223 1245 1266 sacrarum
1256 1221 1370 1265 rerum
1384 1201 1558 1284 leguntur,

385 1331 472 1391 quae
496 1309 532 1371 in
549 1310 692 1374 alterius
716 1309 912 1374 litterarum
929 1309 1144 1392 singularum
1161 1308 1268 1393 partis
1293 1310 1361 1372 fine
1384 1309 1457 1373 fere
1475 1309 1559 1392 posi-

384 1417 441 1480 tae
466 1419 556 1479 sunt.
597 1417 688 1499 quod
712 1417 741 1479 si
764 1416 897 1480 factum
922 1419 1021 1494 esset,
1046 1415 1144 1480 facili
1161 1416 1357 1480 discrimine
1382 1419 1559 1499 separatas

385 1543 546 1586 uasorum
578 1523 824 1607 explicationes
852 1523 997 1588 diuersis
1029 1523 1227 1587 auctoribus
1251 1523 1349 1587 reddi
1373 1525 1558 1606 oporteret.

492 1634 521 1690 2.
547 1629 645 1693 Inter
661 1629 853 1713 scriptores,
874 1629 999 1712 quibus
1011 1629 1152 1693 Verrius
1176 1629 1212 1692 in
1228 1629 1440 1713 explicandis
1457 1630 1559 1693 rebus

384 1729 489 1800 sacris
513 1757 594 1799 usus
618 1741 679 1812 est,
705 1737 913 1800 auctoritate
938 1739 973 1800 et
989 1735 1160 1818 dignitate
1184 1736 1330 1799 maxime
1355 1736 1559 1819 conspicuus

385 1846 437 1906 est
454 1842 491 1905 O.
508 1843 630 1907 Ateius
648 1841 781 1926 Capito,
804 1843 920 1906 Flacci
937 1842 1090 1926 aequalis
1115 1846 1150 1907 et
1173 1843 1257 1906 iuris
1282 1843 1411 1926 priuati
1428 1843 1559 1926 publici

387 1949 499 2013 diuini
523 1950 668 2014 scientia
691 1950 758 2012 isto
781 1953 936 2032 tempore
960 1950 1064 2014 facile
1092 1951 1261 2034 princeps.
1308 1950 1410 2014 huius
1434 1972 1559 2015 nomen

385 2077 462 2119 cum
486 2057 578 2120 inter
610 2057 740 2138 glossas
774 2077 886 2121 rerum
912 2077 1086 2121 sacrarum
1111 2077 1274 2141 persaepe
1298 2058 1464 2140 legamus,
1489 2079 1556 2121 nou

385 2163 506 2227 dubito
523 2163 596 2228 eius
613 2164 814 2226 auctoritati
837 2163 990 2228 tribuere
1015 2164 1108 2228 haud
1126 2185 1269 2248 paruum
1295 2164 1329 2226 id
1346 2184 1455 2246 genus
1472 2163 1559 2246 glos-

384 2291 499 2333 sarum
523 2291 714 2334 numerum.
762 2270 887 2352 quibus
912 2271 955 2334 de
980 2271 1091 2335 causis
1122 2271 1273 2348 fecerim,
1299 2271 1482 2354 propositis
1506 2291 1558 2335 ex-

385 2376 629 2460 plicationibus
653 2378 842 2462 expediam.

383 2525 413 2582 p.
432 2507 462 2576 4,
479 2508 517 2564 16
543 2508 724 2582 Ambegni
749 2508 805 2565 bos
829 2511 861 2564 et
885 2508 993 2565 uerbix
1016 2509 1265 2584 appellabantur,
1290 2526 1362 2566 cum
1386 2510 1426 2566 ad
1450 2527 1558 2566 eorum
1606 2583 1613 2598 ἢ

428 2617 561 2688 utraque
584 2615 683 2671 latera
705 2615 779 2689 agni
801 2616 834 2670 in
858 2615 1045 2673 sacrificium
1069 2616 1273 2674 ducebantur.

384 2740 414 2794 p.
433 2721 519 2789 4,17
544 2721 751 2778 Ambidens
783 2723 850 2778 siue
881 2722 993 2779 bidens
1021 2724 1089 2779 ouis
1113 2723 1340 2797 appellabatur,
1365 2741 1445 2798 quae
1469 2741 1558 2798 supe·

427 2827 559 2884 rioribus
584 2831 615 2884 et
638 2827 836 2885 interioribus
860 2832 910 2885 est
933 2829 1080 2886 dentibus
1092 2822 1123 2900 1).
1272 2817 1279 2826 ⁵

383 2953 413 3009 p.
433 2934 493 3003 5,1
542 2935 790 2992 Ambaruales
814 2936 936 2993 hostiae
953 2936 1148 3004 dicebantur,
1173 2953 1252 3011 quae
1276 2953 1332 3010 pro
1347 2938 1432 2994 aruis
1449 2955 1468 2994 a
1483 2939 1557 2995 duo·

428 3041 487 3098 bus
510 3041 660 3098 fratribus
684 3042 949 3099 sacrificabantur.

383 3166 413 3223 p·
433 3148 494 3217 5,2
541 3148 808 3207 Amburbiales
836 3149 958 3206 hostiae
981 3150 1230 3224 appellabantur,
1255 3167 1336 3224 quae
1359 3151 1475 3210 circum
1499 3155 1557 3208 ter·

428 3256 530 3312 minos
554 3256 640 3312 urbis
664 3257 781 3313 Romae
805 3257 1011 3314 ducebantur.

383 3381 413 3437 p.
435 3361 517 3430 57,1
567 3360 777 3419 CERVARIA
801 3364 879 3431 ouis,
904 3381 984 3438 quae
1008 3380 1063 3438 pro
1088 3381 1181 3421 cerua
1204 3365 1436 3422 immolabatur.

384 3488 413 3543 p.
434 3468 485 3537 57,
502 3469 540 3525 19
566 3467 771 3526 CAVIARES
793 3469 915 3526 hostiae
939 3470 1134 3540 dicebantur,
1159 3471 1243 3546 quod
1266 3466 1286 3542 t
1309 3473 1427 3541 caulae,
1452 3473 1485 3529 id
1508 3475 1557 3530 est

426 3593 498 3650 pars
522 3575 644 3632 hostiae
657 3570 680 3647 2)
703 3576 804 3634 cauda
827 3581 931 3646 tenus,
956 3577 1070 3634 dicitur
1095 3581 1127 3635 et
1150 3579 1326 3652 ponebatur
1349 3580 1382 3634 in
1406 3579 1556 3636 sacrificio

426 3699 482 3758 pro
505 3683 634 3756 collegio
657 3683 842 3756 pontificum
866 3685 976 3758 quinto
1001 3701 1124 3759 quoque
1149 3702 1241 3742 anno.

382 3807 412 3864 p.
431 3789 482 3857 57,
498 3789 536 3845 21
563 3787 754 3846 CONFETA
787 3808 841 3847 sus
874 3791 1046 3860 dicebatur,
1078 3810 1158 3867 quae
1190 3810 1263 3850 cum
1296 3793 1381 3850 omni
1412 3793 1481 3850 fetu
1504 3794 1556 3851 ad·

425 3895 594 3953 hibebatur
616 3896 657 3952 ad
682 3896 878 3954 sacrificium.

379 3995 488 4077 (pso,
505 4003 543 4059 16
568 4003 740 4059 Duidens
763 4002 867 4060 hostia
889 3999 1014 4077 bidens)
1036 4001 1055 4077 ).

489 4152 508 4220 ¹)
527 4151 570 4204 Ex
583 4151 636 4204 alio
650 4151 727 4204 fonte
740 4151 902 4220 profluxisse
922 4156 1037 4222 apparet
1054 4153 1124 4208 hanc
1136 4155 1254 4224 glossam
1265 4157 1302 4223 (p.
1316 4159 1415 4224 33,10)
1429 4158 1557 4210 Bidental

380 4239 508 4292 dicebant
534 4239 671 4307 quoddam
697 4241 839 4309 templum,
859 4241 932 4309 quod
958 4242 986 4294 in
1008 4259 1040 4295 eo
1059 4241 1217 4296 bidentibus
1236 4244 1329 4297 hostiis
1348 4244 1554 4300 sacrificaretur.

380 4327 504 4382 bidentes
523 4331 615 4381 autem
634 4334 697 4381 sunt
716 4345 781 4383 oues
801 4330 869 4383 duos
889 4331 983 4384 dentes
1003 4331 1140 4400 longiores
1160 4332 1257 4385 ceteris
1275 4332 1407 4386 habentes
1424 4333 1468 4402 (cf.
1482 4335 1554 4388 Wis-

379 4434 452 4470 sowa
470 4417 498 4470 in
517 4419 623 4484 Edepol.
643 4422 668 4485 3,
682 4421 742 4474 429.
774 4417 882 4472 Krause
899 4422 941 4488 (de
959 4421 1141 4473 Romanorum
1160 4422 1254 4474 hostiis
1271 4425 1435 4488 quaestiones
1452 4425 1556 4477 selectae

379 4504 533 4575 [hlarpurgl
553 4507 630 4575 1894]
649 4524 675 4574 p.
690 4510 725 4576 7).

487 4595 507 4660 ²)
529 4596 600 4662 qdod
616 4599 710 4648 ecutae
724 4613 794 4664 pars
813 4598 914 4650 hostiae
933 4597 1050 4650 coniecit
1067 4597 1176 4652 Kranae
1195 4601 1224 4670 (l.
1238 4602 1255 4656 l.
1273 4618 1301 4668 p.
1314 4603 1368 4669 27).

487 4683 508 4754 ⁸)
526 4682 632 4738 Scelusi
649 4683 720 4739 hanc
739 4687 867 4756 glossam,
887 4686 949 4754 quia
968 4686 1082 4741 fortasse
1100 4689 1227 4742 carminis
1245 4688 1358 4743 Saliaris
1377 4697 1426 4745 est.
