3670 5476
887 439 926 494 27

823 521 979 528 -————.

318 678 347 732 p.
367 657 448 725 52,1
484 656 629 730 Cybele
664 673 738 713 uero
774 656 886 713 eadem
922 656 1006 713 dicta
1041 658 1089 712 est
1124 673 1142 712 a
1176 655 1254 723 loco,
1288 656 1341 730 qui
1375 660 1425 713 cst
1459 657 1491 712 in

362 764 508 838 Phrygia.

318 891 347 946 p.
367 871 451 940 522
477 869 679 944 Cytherea
701 869 809 926 Venus
833 870 872 926 ab
897 870 974 927 urbe
998 868 1146 944 Cythera,
1177 871 1211 927 in
1234 887 1330 946 quam
1353 871 1491 944 primum

363 979 495 1036 deuecta
518 995 587 1034 esse
611 977 725 1034 dicitur
748 977 877 1046 concha,
902 994 976 1034 cum
999 978 1033 1033 in
1056 979 1135 1034 mari
1159 981 1243 1035 esset
1265 980 1425 1052 concepta.

320 1105 349 1162 p.
369 1085 452 1154 52,3
478 1079 691 1158 Cyllenius
715 1085 887 1141 Mercurius
912 1084 1025 1153 dictus,
1050 1085 1135 1159 quod
1158 1102 1284 1142 omnem
1304 1101 1370 1142 rem
1389 1101 1491 1142 sermo

364 1193 431 1248 sine
454 1191 601 1248 manibus
624 1191 778 1259 conficiat,
811 1191 925 1265 quibus
958 1192 1099 1266 partibus
1131 1193 1267 1266 corporis
1300 1193 1353 1266 qui
1385 1195 1493 1248 carent

363 1293 473 1356 κυλλοί
493 1302 647 1355 uocantur
669 1298 803 1372 ideoque
826 1298 1017 1372 quadratum
1038 1315 1110 1355 eum
1130 1299 1263 1373 fingunt.
1305 1299 1356 1355 alii
1380 1299 1493 1355 uolunt

364 1407 408 1463 sic
432 1406 634 1480 appellatum,
666 1404 751 1481 quod
780 1405 813 1460 in
837 1403 978 1478 Cyllenia
1002 1406 1054 1463 uia
1085 1406 1127 1462 sit
1150 1406 1298 1474 nutritus,
1332 1405 1385 1462 alii
1408 1406 1492 1480 quod

363 1515 396 1569 in
419 1516 527 1570 monte
551 1513 704 1569 Arcadiae
729 1511 867 1585 Cyllene,
896 1513 949 1568 alii
976 1513 1060 1588 quod
1088 1529 1107 1569 a
1130 1511 1259 1585 Cyllene
1286 1513 1328 1569 sit
1351 1512 1491 1586 nympha

364 1621 526 1677 educatus.

320 1747 349 1802 p.
369 1727 453 1795 52,ss
479 1725 627 1800 Cypria
643 1725 762 1794 Venus,
787 1726 869 1800 quod
894 1725 922 1782 ci
946 1726 1083 1800 primum
1106 1727 1139 1782 in
1163 1725 1265 1800 Cypro
1288 1726 1393 1783 insula
1415 1729 1507 1782 tem·¹

364 1835 452 1908 plum
476 1835 517 1890 sit
540 1834 759 1902 constitutum,
791 1834 842 1890 uel
866 1833 939 1908 quia
962 1833 1157 1907 parientibus
1188 1833 1375 1908 praesideat,
1408 1834 1492 1908 quod

365 1941 482 1998 Graece
505 1935 591 1998 κύειν
614 1957 722 2015 parere
746 1943 803 1998 est.

320 2068 350 2124 p.
371 2048 457 2117 52,8
482 2047 685 2121 Cynthius
710 2047 820 2121 Apollo
844 2064 863 2103 a
887 2045 1012 2120 Cyntho
1035 2047 1104 2103 Deli
1128 2050 1235 2104 monte
1259 2050 1400 2104 uocatus.

320 2176 349 2231 p.
370 2156 453 2224 722
478 2155 684 2228 Dictynna
706 2154 818 2222 Diana,
846 2171 941 2228 quam
969 2170 1039 2210 esse
1066 2154 1174 2210 lunam
1202 2153 1367 2229 putabant,
1396 2154 1490 2222 dicta,

363 2264 447 2338 quod
470 2261 591 2335 fulgore
616 2278 673 2318 suo
696 2263 793 2318 noctu
816 2262 922 2318 omnia
945 2260 1102 2318 ostendat.

319 2389 348 2444 p.
368 2370 419 2438 99,
433 2369 475 2426 20
499 2369 663 2426 Hecate:
689 2369 802 2437 Diana,
828 2369 939 2425 eadem
963 2368 1134 2443 putabatur
1157 2371 1190 2424 et
1208 2367 1297 2424 Luna
1319 2371 1350 2425 et
1369 2343 1490 2426 Proser·

363 2494 445 2551 pma.

319 2602 347 2657 p.
369 2583 497 2652 100,10
521 2582 790 2639 Heliconides
811 2582 921 2638 Musae
945 2598 964 2637 a
987 2586 1094 2639 monte
1117 2581 1268 2639 Helicone
1292 2585 1432 2640 uocatae.

318 2711 347 2765 p.
368 2690 496 2759 100,14
520 2690 719 2747 Η91011199
743 2689 919 2764 astrologus
940 2689 1053 2757 dictus,
1078 2689 1161 2763 quod
1182 2705 1218 2746 eo
1235 2689 1285 2747 (119
1303 2707 1336 2746 99
1353 2689 1490 2746 fiammis

362 2798 477 2866 iniecit,
503 2814 563 2872 quo
587 2797 695 2854 lutura
718 2799 785 2853 erat
809 2796 986 2853 obscuratio
1010 2795 1093 2853 solis.
1404 2776 1406 2779 ’

318 2925 348 2980 p.
369 2905 474 2973 lona
498 2904 677 2961 Herceus
701 2904 842 2979 Iuppiter
864 2902 947 2959 infra
970 2906 1175 2978 consaeptum
1202 2904 1315 2960 domus
1338 2903 1490 2978 cuiusque

362 3011 531 3079 colebatur,
557 3029 651 3085 quem
674 3011 770 3068 etiam
795 3011 890 3067 deum
913 3010 1107 3084 penetralem
1131 3011 1341 3084 appellabant.

318 3137 347 3192 p.
368 3118 492 3186 101,11
520 3118 710 3193 Hippius,
735 3119 768 3175 id
792 3121 841 3174 est
864 3120 1018 3193 equester,
1042 3118 1209 3192 Neptunus
1229 3118 1333 3175 dictus
1356 3122 1414 3187 est,
1440 3119 1490 3174 uel

361 3225 445 3300 quod
464 3224 604 3298 Pegasus
628 3241 665 3282 ex
689 3242 725 3282 9ο
749 3228 781 3282 91
799 3224 952 3300 Pegaside
975 3229 1070 3282 natus
1094 3221 1153 3294 sit,
1170 3226 1221 3283 uel
1244 3227 1329 3300 quod
1352 3227 1488 3294 eculeus,

361 3336 398 3389 ut
429 3335 554 3406 putant,
587 3332 654 3388 loco
687 3333 754 3388 eius
787 3333 969 3406 suppositus
1002 3331 1137 3396 Saturno
1169 3333 1274 3401 fuerit,
1308 3350 1402 3408 quem
1434 3350 1489 3406 pro

361 3439 508 3513 Neptuno
539 3439 713 3507 deuoraret‚
746 3439 796 3495 uel
827 3439 910 3513 quod
940 3439 1086 3497 tridentis
1117 3441 1182 3497 ictu
1212 3444 1295 3496 terra
1325 3457 1417 3496 ccum
1440 3457 1489 3496 ex·

361 3535 491 3621 0191111),
516 3545 566 3601 cui
590 3545 629 3601 ob
652 3545 711 3602 hoc
734 3546 768 3601 in
786 3545 909 3619 Illyrico
933 3549 1102 3621 quaternos
1122 3563 1218 3622 equos
1234 3547 1391 3604 iaciebant
1405 3564 1489 3607 nono

361 3668 484 3728 quoque
508 3667 591 3708 anno
614 3652 647 3707 in
670 3669 766 3709 mare.

316 3779 346 3834 p.
367 3759 472 3828 103‚3
497 3759 770 3833 Hyperionem
793 3759 845 3815 alii
869 3762 991 3832 patrem
1015 3761 1099 3828 solis,
1124 3761 1176 3817 alii
1195 3761 1310 3834 ipsum,
1335 3762 1419 3835 quod
1438 3765 1489 3818 eat

361 3883 456 3940 supra
479 3869 589 3934 terras,
614 3867 659 3922 ita
682 3866 875 3940 appellatum
901 3867 1065 3940 putabant.

317 3991 345 4046 p.
367 3972 495 4041 105,15
520 3973 701 4042 ltonida:
727 3973 886 4041 Minerua,
905 3991 924 4029 a
947 3973 1014 4030 loco
1038 3974 1082 4031 sic
1105 3975 1271 4050 appellata.

316 4099 345 4154 p.
366 4079 494 4147 119,10
520 4079 632 4153 Lycii
652 4080 805 4154 Apollinis
825 4080 987 4136 oraculum
1006 4081 1039 4137 iu
1054 4081 1150 4154 Lycia
1166 4083 1321 4139 maximae
1338 4083 1488 4141 claritatis

360 4186 422 4243 fuit
445 4186 483 4243 ob
508 4188 655 4262 luporum
678 4186 941 4244 interfectionem.
988 4182 1086 4252 λύκος
1108 4189 1193 4246 9111111
1216 4190 1309 4265 lupus
1334 4192 1391 4247 est.

423 4443 443 4509 ¹)
463 4441 557 4495 Verba
582 4445 625 4494 uel
648 4443 717 4508 quod
744 4486 748 4496 .
770 4486 774 4496 .
797 4486 801 4496 .
828 4446 936 4495 excierit
962 4442 1095 4496 aVerrio
1121 4461 1176 4496 non
1203 4444 1231 4496 in
1249 4444 1302 4498 hoc
1321 4446 1381 4498 loco
1400 4447 1489 4515 posita

315 4547 372 4584 esse
391 4531 492 4584 collato
512 4529 596 4585 schol.
609 4529 694 4599 Verg.
714 4548 788 4600 geor.
808 4535 831 4598 l,
846 4535 879 4586 12
899 4530 992 4584 (1901111
1005 4530 1129 4585 Wentzcl
1148 4534 1255 4602 (Philol.
1270 4538 1313 4602 50,
1326 4537 1405 4606 389);
1424 4553 1489 4588 nam

315 4635 347 4672 ea
365 4636 435 4688 quae
454 4623 584 4672 secuntur
602 4622 661 4672 arte
680 4636 742 4673 oum
762 4619 852 4672 uerbis
872 4619 906 4673 de
925 4621 1019 4673 eculeo
1038 4621 1178 4689 supposito
1198 4621 1277 4676 factis
1297 4624 1452 4680 cohaerent.
