3670 5476
863 454 905 514 29

298 669 441 732 deorum
464 667 604 730 nomina
628 670 663 730 et
687 666 892 749 cognomina
921 665 1107 729 stoicorum
1131 685 1213 727 usus
1235 665 1370 728 ratione
1394 684 1469 727 eno·

299 774 406 837 dauit.
454 774 576 837 horum
607 773 772 837 librorum
803 771 963 835 nonnulli
991 772 1058 835 loci
1080 771 1125 835 ab
1148 770 1321 835 inferioris
1345 771 1469 835 aetatis

300 881 532 964 grammaticis
564 880 662 943 nobis
693 880 823 943 seruati
858 882 948 958 sunt,
984 879 1043 961 qui
1077 878 1269 961 ueriloquia
1303 878 1470 960 praebent

300 987 426 1050 similia
445 987 487 1050 iis
503 1007 590 1069 quae
607 987 699 1070 apud
712 986 870 1050 Verrium
887 986 1033 1067 legimus
1044 983 1075 1065 ¹).
1115 985 1239 1067 quibus
1255 984 1339 1049 locis
1356 1005 1469 1066 quam-

301 1115 403 1176 quam
430 1093 526 1156 nulla
549 1093 742 1176 ueriloquia
765 1093 973 1168 referuntur,
999 1112 1085 1175 qnae
1110 1113 1188 1156 cnm
1212 1091 1427 1176 etymologiis
1449 1094 1472 1154 'a

301 1200 420 1264 Verrio
444 1200 588 1284 prolatis
612 1203 778 1283 pugnent,
809 1203 926 1262 tamen
950 1219 1050 1281 aegre
1074 1199 1256 1263 ferendum
1287 1202 1348 1276 est,
1379 1200 1471 1281 qnod

301 1307 430 1370 nullius
462 1307 517 1371 dei
547 1307 696 1370 nominis
727 1305 912 1389 explicatio
942 1328 963 1369 a
987 1305 1169 1370 Cornificio
1200 1307 1283 1369 data
1313 1310 1348 1370 et
1379 1308 1470 1391 apud

302 1413 460 1478 Verrium
491 1417 527 1478 et
558 1415 650 1497 apud
682 1413 767 1477 alios
798 1413 1040 1496 grammaticos
1072 1413 1174 1476 simul
1205 1416 1342 1476 seruata
1376 1410 1470 1494 est2).

301 1520 393 1602 quod
417 1521 445 1584 si
468 1521 601 1584 factum
626 1509 723 1596 esset,
749 1519 865 1583 nullus
890 1520 1073 1583 dubitandi
1092 1520 1188 1584 locus
1207 1523 1297 1584 esset
1319 1520 1471 1584 relictus.

302 1628 362 1692 sed
386 1628 521 1691 etiamsi
544 1630 629 1690 haec
653 1627 831 1691 consensio
855 1630 1005 1703 nonest,
1030 1626 1140 1689 nihilo
1160 1627 1273 1690 minus
1292 1627 1471 1690 adfirmare

303 1734 409 1796 ausim
428 1734 587 1798 Verrium
611 1732 773 1798 Cornifici
804 1731 910 1798 libros
940 1734 976 1796 in
1008 1755 1107 1796 usum
1131 1754 1231 1797 suum
1255 1734 1471 1817 excerpsisse.

303 1841 461 1904 Verrium
485 1841 576 1905 enim
600 1841 663 1904 has
686 1841 816 1924 glossas
841 1861 858 1904 e
883 1840 1128 1905 commentario
1148 1840 1190 1904 de
1207 1841 1260 1903 his
1276 1841 1472 1904 nominibus

305 1948 493 2031 composito
524 1948 677 2012 hausisse
709 1948 835 2012 docent
866 1948 1012 2031 primum
1042 1948 1106 2010 hae
1131 1967 1189 2010 sax
1211 1946 1354 2029 glossae,
1385 1968 1473 2030 quae

304 2055 340 2116 in
356 2075 426 2118 uno
443 2054 518 2118 loco
534 2055 666 2137 positae
684 2057 782 2143 sunt:
806 2079 835 2134 p.
852 2059 1091 2128 51,14—52,8
1112 2059 1281 2133 Cybebe.
1314 2059 1472 2132 Cybele.

305 2165 518 2240 Cytherea.
559 2148 781 2240 Cyllenius.
823 2165 979 2240 Cypria.
1020 2165 1242 2239 CynthiuS,
1277 2164 1352 2224 tum
1386 2160 1474 2224 aliae

305 2287 439 2350 quoqne
471 2268 614 2350 glossae,
646 2287 743 2349 quae,
776 2267 842 2330 etsi
873 2266 950 2330 aliis
981 2267 1269 2350 explicationibus
1300 2268 1475 2332 diiunctae

306 2378 396 2450 sant,
431 2377 549 2438 tamen
579 2375 651 2438 fere
682 2395 816 2456 semper
846 2374 992 2438 mediam
1026 2375 1149 2457 prioris
1180 2375 1318 2440 litterae
1343 2378 1474 2458 partem

307 2481 476 2544 obtinent.
524 2480 621 2563 atqui
652 2501 729 2543 cum
761 2481 803 2544 de
831 2480 928 2543 nullo
958 2481 1027 2543 alio
1057 2483 1291 2563 grammatico,
1326 2483 1385 2564 qui
1415 2481 1476 2544 illo

307 2589 460 2671 tempore
485 2589 527 2652 de
547 2589 689 2651 deorum
708 2587 905 2651 nominibus
920 2587 1104 2670 scripserit,
1129 2589 1312 2671 quicquam
1329 2610 1476 2673 comper-

307 2697 380 2756 tum
413 2694 610 2771 habeamus,
643 2715 712 2756 non
742 2697 794 2758 est
825 2715 885 2758 our
914 2695 1103 2758 infitiemur
1131 2694 1292 2759 Cornifici
1321 2696 1427 2760 libros
1457 2718 1478 2760 a

307 2800 428 2865 Verrio
459 2801 633 2865 adhibitos
657 2821 739 2865 esse.
787 2801 930 2871 accedit,
961 2801 1052 2884 quod
1077 2800 1238 2865 Oomifici
1261 2823 1386 2867 nomen
1409 2825 1478 2868 non

309 2909 409 2972 modo
440 2909 477 2971 in
508 2908 746 2992 explicatione,
779 2929 866 2991 quae
898 2912 950 2972 est
982 2909 1024 2972 de
1055 2908 1193 2972 nomine
1217 2909 1385 2987 Minerua,
1419 2912 1478 2976 sed

309 3015 413 3078 etiam
436 3015 473 3077 in
496 3020 626 3100 septem
651 3015 728 3080 aliis
751 3015 873 3099 glossis
892 3015 1020 3098 legitur
1038 3035 1125 3097 quae
1144 3015 1228 3080 item
1246 3016 1284 3079 in
1307 3018 1479 3102 prioribus

310 3122 466 3204 partibus
491 3123 704 3205 singularum
731 3123 926 3187 litterarum
957 3122 1090 3206 positae
1121 3127 1203 3187 sunt
1230 3127 1265 3188 et
1295 3144 1348 3189 res
1377 3126 1479 3209 expli·

310 3232 391 3292 eant
410 3249 487 3292 oum
508 3229 612 3292 sacris
633 3229 844 3293 coniunctas.
883 3250 967 3311 quas
987 3230 1117 3313 glossas
1134 3230 1303 3313 Bergkius
1319 3232 1356 3294 in
1371 3254 1478 3295 unum

310 3335 502 3419 composuit
512 3331 534 3417 3)
557 3356 668 3418 neque
692 3336 872 3400 adfirmare
897 3336 1072 3400 dubitauit
1092 3357 1148 3400 eas
1167 3356 1208 3400 ex
1226 3337 1348 3402 iisdem
1366 3338 1480 3402 Corni-

310 3442 367 3505 fici
382 3442 479 3506 libris
495 3443 637 3505 haustas
654 3463 742 3519 esse;
762 3442 799 3505 id
815 3443 906 3525 qnod
922 3443 1030 3507 inscio
1047 3442 1196 3526 Bergkio
1212 3443 1281 3506 iam
1294 3445 1480 3510 Merkelius

312 3549 506 3613 coniecerat
515 3545 548 3629 4).
584 3569 647 3632 ego
666 3570 800 3632 quoqne
819 3550 933 3614 iacere
950 3571 1018 3613 non
1036 3571 1183 3634 possum,
1206 3551 1289 3634 quin
1305 3552 1342 3615 in
1358 3553 1481 3616 horum

311 3656 463 3718 uirorum
489 3656 696 3719 sententiam
721 3655 866 3738 pedibus
890 3677 975 3719 eam.
1022 3657 1145 3739 quibus
1169 3679 1251 3722 uero
1282 3659 1481 3724 auctoribus

313 3761 515 3826 Cornificius
532 3782 613 3825 usus
630 3762 684 3838 sit,
705 3762 832 3845 partim
849 3783 888 3826 ex
905 3762 959 3824 his
975 3763 1130 3826 Maerobi
1146 3765 1260 3828 uerbis
1277 3786 1482 3849 cognoscere

313 3869 394 3934 licet
426 3865 467 3949 (l,
485 3874 537 3946 23,
556 3865 602 3950 2);
645 3875 729 3931 Iouis
761 3874 969 3949 appellatione
1001 3875 1099 3931 solem
1129 3876 1269 3951 intellegi
1299 3877 1504 3936 Cornificius

421 4096 442 4164 ¹)
460 4094 520 4148 Hos
539 4096 612 4148 locos
631 4098 825 4162 congesserunt
844 4094 979 4164 Bergkius
996 4099 1048 4164 (op.
1069 4101 1092 4165 1,
1106 4098 1168 4164 546)
1190 4101 1218 4150 et
1236 4096 1374 4153 Beckerus
1403 4101 1484 4167 (Zait-

313 4186 411 4249 scbrist
429 4186 480 4249 [ἄν
498 4187 541 4236 dic
558 4184 906 4249 Aitnthamswissenscbafl
925 4188 941 4240 5
961 4186 1048 4254 [1847]
1071 4189 1159 4255 1060).

422 4273 444 4342 ²)
470 4273 571 4326 Scribit
598 4271 708 4340 quidem
734 4271 892 4326 Macrobius
915 4276 1065 4342 (1,17,17)
1090 4275 1178 4328 Παιὰν
1206 4277 1257 4329 ἀπὸ
1284 4284 1330 4329 τοῦ
1357 4278 1441 4328 παίειν
1467 4295 1484 4329 a

314 4364 436 4428 feriendo
455 4367 483 4416 et
492 4362 606 4414 Verrius
623 4365 659 4430 (p.
674 4366 735 4427 222,
748 4362 776 4428 8)
793 4363 903 4414 Paeana
917 4405 922 4417 .
938 4405 943 4416 .
959 4405 964 4417 .
978 4371 1015 4414 est
1032 4366 1101 4414 enim
1120 4365 1204 4416 παίειν
1222 4366 1322 4429 sarira·
1345 4365 1392 4417 sed
1406 4365 1483 4418 [lubi-

314 4451 404 4520 tarim‚
424 4468 458 4504 an
476 4450 603 4504 Macrobi
621 4450 689 4504 haec
709 4451 853 4518 explicatio
873 4469 888 4503 e
907 4450 1035 4504 Cornifici
1054 4451 1130 4505 libris
1148 4457 1236 4504 tracta
1254 4454 1296 4509 sit.

424 4541 443 4610 8)
463 4542 509 4608 Op.
520 4544 553 4608 .1,
565 4544 626 4598 458.

423 4630 444 4698 ⁴)
464 4631 507 4682 Ad
527 4630 609 4681 Ouidi
626 4631 711 4695 fastos
725 4630 842 4696 prolcpp.
862 4647 889 4697 p.
909 4647 1012 4688 xcvrn.
