3670 5476
806 449 966 540 L

289 663 436 748 'integer
448 651 713 728 commentarius
726 663 796 747 legi
807 662 969 746 potuerit,
979 662 1087 726 Varro
1099 661 1232 725 indicat
1243 661 1316 745 ipse
1330 656 1392 741 (1.1.
1409 658 1472 742 13):

296 771 436 834 Febnunc
468 768 585 834 Sabini
609 775 855 851 pulpamentum
886 775 915 833 et
940 768 977 832 id
998 767 1034 832 in
1058 766 1162 832 sacris
1185 766 1304 831 nostris
1325 769 1474 848 uentura·

296 898 373 940 non
396 882 424 940 ct
447 875 642 966 Lupercalia
658 875 841 956 FebruatiO,
865 882 901 939 ut
922 875 959 940 in
974 874 1214 956 Antiquitatum
1237 873 1330 938 libris
1353 875 1475 938 denon-

297 981 411 1048 stroni.
463 989 518 1047 18:
543 982 676 1064 Aliquot
697 981 792 1046 luins
815 981 888 1046 dici>
902 982 1039 1065 ucstiqia
1062 982 1099 1046 in
1122 981 1225 1047 sacris
1248 987 1412 1063 apparent,
1437 982 1475 1045 ilc

299 1090 413 1172 quibus
428 1090 521 1154 nctus
536 1089 774 1171 Antiquitatum
790 1089 866 1154 libri
878 1091 978 1171 placa
994 1090 1140 1169 referunt
1150 1087 1181 1172 ¹).
1222 1111 1262 1154 ex
1280 1091 1347 1153 isto
1366 1089 1476 1172 igitur

298 1198 558 1282 Antiquitatum
575 1197 664 1262 libro
681 1195 828 1262 Ouidius
852 1199 881 1262 si
904 1198 1098 1276 hauriebat,
1123 1198 1240 1262 omnia
1263 1217 1350 1280 quae
1375 1197 1419 1262 ad
1438 1197 1474 1260 id

298 1325 406 1389 usque
441 1308 577 1389 tempus
613 1306 830 1388 grammatici
864 1309 899 1370 et
934 1305 1182 1388 antiquitatum
1214 1305 1397 1389 scriptores
1433 1305 1475 1368 de

298 1409 398 1476 fastis
422 1412 653 1490 contulerant,
677 1413 775 1476 facili
798 1413 938 1496 negotio
963 1432 1167 1495 cognoscere
1192 1413 1318 1495 potuit.

405 1520 612 1584 Wintherus
628 1520 847 1598 sententiam,
873 1541 976 1604 quam
993 1521 1035 1584 de
1051 1518 1151 1613 Verri
1170 1519 1270 1595 fastis
1287 1519 1330 1583 ab
1347 1517 1474 1584 Ouidio

299 1627 466 1691 adhibitis
490 1627 629 1705 tulerat,
655 1628 723 1692 alio
740 1630 945 1711 argumento
961 1627 1118 1692 stabilire
1135 1630 1279 1691 conatus
1296 1629 1357 1706 est,
1383 1626 1474 1710 quod

300 1755 318 1799 e
342 1735 473 1817 glossis,
499 1755 586 1817 quae
611 1735 653 1800 de
676 1735 777 1808 fastis
797 1735 890 1818 apud
907 1733 1048 1799 Festum
1065 1727 1280 1817 Paulumque
1299 1733 1474 1819 leguntur,

300 1843 436 1925 petiuit.
483 1846 601 1906 monet
631 1843 722 1907 enim
757 1844 820 1906 has
855 1842 985 1927 glossas
1021 1842 1217 1926 saepissime
1253 1863 1331 1905 cum
1362 1842 1475 1906 Fastis

300 1949 534 2014 Praenestinis
558 1953 594 2014 et
617 1948 798 2015 Ouidianis
823 1969 1020 2034 congruere.
1067 1949 1170 2032 longe
1201 1949 1307 2027 abest,
1339 1952 1380 2014 ut
1410 1950 1475 2012 hoc

299 2055 350 2120 ita
373 2077 409 2121 se
433 2057 561 2122 habere
584 2077 717 2140 negem.
771 2058 831 2122 sed
867 2059 909 2122 de
944 2057 998 2120 his
1032 2057 1155 2139 glossis
1190 2057 1309 2121 eadem
1344 2055 1474 2133 ualent,

300 2184 387 2245 quae
412 2185 515 2248 supra
539 2165 581 2229 de
612 2164 734 2247 glossis
764 2164 1042 2248 orthographicis
1074 2165 1154 2228 dixi.
1209 2164 1352 2242 accedit,
1384 2163 1476 2246 quod

300 2270 395 2334 haud
419 2291 549 2354 paucae
573 2271 617 2334 'ad
640 2271 750 2335 fastos
778 2275 974 2354 spectantes
1009 2272 1144 2355 glossae
1180 2292 1257 2336 cum
1292 2272 1330 2334 in
1364 2271 1476 2355 priore

300 2380 374 2440 tum
390 2377 427 2440 in
444 2377 555 2442 altera
570 2378 709 2444 litterae
726 2400 807 2444 suae
821 2382 919 2463 parte
932 2378 1124 2463 explicatae
1136 2379 1316 2462 leguntur,
1328 2399 1413 2461 quas
1428 2377 1476 2440 in-

301 2483 432 2549 dicasse
449 2485 532 2548 satis
549 2485 630 2549 erit:
656 2509 689 2569 p.
707 2491 781 2560 210,
797 2492 839 2549 33
864 2486 1108 2550 Piscatorii
1133 2486 1228 2550 ludi
1245 2521 1286 2528 -
1304 2509 1336 2570 p.
1349 2490 1474 2564 938‚23

300 2590 568 2655 PISOATORII
587 2592 712 2656 LVDI.
744 2617 775 2678 p.
794 2597 924 2670 222,12
946 2593 1074 2658 Pales
1094 2616 1188 2677 —.p.
1203 2598 1277 2670 237,
1288 2599 1328 2656 22
1351 2594 1475 2658 PARI-

301 2697 448 2762 LIBvs.
485 2702 559 2777 245,
575 2703 615 2760 34
641 2686 836 2764 PARILIA
861 2700 1015 2764 susan.
1051 2723 1084 2784 p.
1102 2705 1208 2779 soar
1232 2699 1476 2785 Septimon-

301 2805 409 2868 tium
430 2840 470 2848 —
491 2828 523 2889 p.
542 2810 616 2884 348,
631 2811 673 2869 24
693 2804 1052 2889 suPTIMONT102).
1092 2831 1125 2893 p.
1142 2813 1216 2886 265,
1232 2813 1273 2872 28
1293 2808 1477 2873 Rustica

302 2913 474 2976 uinalia
504 2947 548 2956 —
579 2936 611 2997 p.
630 2918 761 2992 289,10
794 2911 1001 2998 laVsTIOA
1025 2911 1248 2998 VINALIA].
1295 2939 1327 3001 p.
1347 2920 1475 2994 14213

302 3019 454 3083 Mundus
475 3055 519 3063 -
540 3043 572 3104 p.
589 3025 714 3099 154,3o
734 3021 929 3086 MVNDvs
947 3019 1080 3103 (Ateius
1097 3018 1260 3109 Capito).
1284 3045 1350 3107 quo
1374 3025 1476 3088 modo

301 3127 387 3190 haec
404 3127 575 3191 discordia
591 3128 755 3212 explicari
771 3132 895 3213 potest,
920 3130 987 3193 nisi
1007 3131 1229 3194 statuerimus
1248 3131 1326 3195 illas
1345 3131 1476 3214 glossas

303 3254 321 3298 e
351 3233 495 3298 diuersis
525 3234 683 3298 fontibus
714 3237 856 3301 haustas
888 3237 985 3302 esse?
1014 3258 1094 3301 nam
1119 3239 1147 3301 si
1166 3237 1306 3302 Verrius
1337 3239 1476 3323 proprio

301 3340 338 3403 in
361 3339 470 3404 fastos
495 3343 740 3407 commentario
764 3364 846 3407 usus
871 3336 969 3422 esset',
995 3345 1135 3409 omnino
1159 3345 1233 3410 ficri
1256 3367 1326 3409 non
1349 3347 1474 3430 potuit,

302 3452 342 3512 ut
366 3452 506 3516 easdam
531 3451 664 3537 glossae
696 3450 748 3514 bis
776 3450 1040 3535 explicarentur.
1088 3473 1175 3535 quae
1207 3473 1283 3516 cum
1315 3453 1366 3516 ita
1395 3453 1475 3532 sint,

306 3557 481 3623 Wintheri
505 3559 712 3624 coniecturis
735 3558 834 3623 nulla
856 3559 926 3623 iam
948 3559 1002 3622 uis
1026 3559 1126 3624 inest.

308 3716 522 3726 ——-..-—

411 3805 431 3874 ¹)
459 3805 550 3859 Simili
575 3805 658 3861 modo
677 3805 768 3860 Varro
795 3823 835 3875 ea,
861 3824 932 3875 quas
957 3806 1082 3860 inlibris
1104 3806 1139 3862 ds
1157 3808 1175 3863 1.
1194 3807 1227 3864 L.
1247 3807 1282 3862 de
1300 3807 1369 3862 urbe
1388 3805 1480 3861 Roma

305 3893 416 3962 eiusque
434 3894 502 3948 locis
520 3895 642 3964 tradidit,
662 3913 697 3950 ex
715 3895 922 3964 Antiquitatum
941 3896 1019 3951 libris
1037 3896 1164 3965 repetiit3
1186 3897 1215 3950 id
1234 3897 1309 3965 quod
1327 3897 1479 3952 rectissime

306 3983 504 4038 animaduertit
522 3984 657 4038 Iordanus
676 3991 787 4056 (topoqr.
809 3989 861 4054 1,1
880 4004 907 4055 p.
922 3989 990 4057 54*).

413 4073 433 4142 2)
449 4073 491 4127 De
510 4074 615 4128 duabus
633 4074 675 4127 his
694 4075 789 4144 glossis
809 4076 912 4144 optime
931 4075 1083 4144 disputauit
1095 4075 1230 4130 Wissowa
1247 4077 1276 4129 in
1295 4078 1398 4130 Satura
1415 4078 1480 4130 Via·

304 4162 387 4215 arina
405 4180 432 4231 p.
445 4167 470 4218 4.
