3670 5476
894 425 974 518 36

473 634 558 698 Cum
581 635 703 718 glossis
724 635 765 716 (p.
781 634 919 711 20211)
939 638 1091 696 OVIBVS
1110 638 1266 696 duabus
1288 638 1323 698 et
1344 635 1386 715 (p.
1401 636 1540 712 237,13)

366 746 614 816 PEOVLATvs
632 763 777 825 quarum
793 741 853 824 qui
869 744 989 804 auctor
1005 741 1121 817 fuerit,
1140 739 1296 805 docuisse
1310 741 1396 804 mihi
1408 741 1537 817 uideor,

365 852 435 913 tres
459 849 547 912 aliae
572 848 818 932 explicationes
848 849 884 910 in
915 848 1027 932 priore
1058 847 1253 911 litterarum
1277 867 1417 911 suarum
1440 851 1538 931 parte

366 955 498 1039 positae
522 957 608 1020 adeo
633 958 800 1039 cognatae
824 957 915 1031 sunt,
947 958 987 1017 ut
1011 955 1054 1018 ab
1078 954 1120 1017 iis
1145 954 1242 1018 nullo
1273 956 1374 1019 modo
1404 955 1539 1038 seiungi

366 1063 508 1146 possint.
555 1063 617 1126 has
642 1062 718 1127 dico
742 1061 889 1146 glossas:

367 1212 396 1267 p.
416 1193 523 1262 24,12
548 1194 780 1250 Aestimata
803 1209 904 1268 poena
928 1193 967 1248 ab
991 1193 1129 1268 antiquis
1152 1193 1192 1249 ab
1211 1209 1282 1250 aere
1302 1193 1386 1250 dicta
1403 1197 1462 1261 est,
1486 1194 1540 1268 qui

411 1317 481 1357 eam
505 1301 754 1358 aestimaverunt
768 1317 849 1368 aere,
875 1316 967 1357 ouem
984 1299 1133 1368 decursis,
1158 1299 1272 1356 bouem
1288 1301 1455 1369 centussis,
1480 1300 1538 1357 hoc

411 1411 461 1464 est
484 1408 592 1465 decem
617 1409 666 1465 vel
689 1411 818 1465 centum
841 1406 975 1464 assibus.
1029 1419 1031 1424 ·

366 1533 395 1588 p.
417 1514 523 1583 144,4
548 1515 759 1571 Maximam
783 1515 917 1571 multam
942 1514 1089 1570 dixerunt
1109 1515 1206 1571 trium
1224 1515 1347 1571 milium
1370 1518 1402 1571 et
1425 1515 1538 1590 uiginti

409 1623 539 1690 assium,
563 1623 637 1696 quia
660 1638 723 1679 non
747 1621 861 1678 licebat
884 1621 1044 1695 quondam
1068 1620 1209 1696 pluribus
1232 1621 1362 1694 triginta
1385 1621 1486 1678 bobus
1506 1625 1538 1678 91

410 1728 533 1785 duabus
558 1729 670 1785 ouibus
694 1745 884 1803 quemquam
908 1703 1045 1796 multari,
1076 1728 1365 1802 aestimabaturque
1388 1728 1445 1785 bos
1469 1745 1537 1786 cen·

409 1835 561 1904 tussibus,
586 1836 654 1892 ouis
679 1835 874 1892 decuesibus.

365 1959 395 2016 p.
415 1942 545 2011 213,18
569 1942 793 2000 Peculatus
817 1946 867 1999 est
885 1959 970 1998 nnnc
989 1942 1118 2016 quidam
1134 1941 1361 2016 qualecumque
1378 1941 1538 2015 publicum

410 2049 542 2118 furtum,
568 2050 624 2106 sed
646 2050 813 2107 inductum
837 2053 886 2106 est
909 2065 928 2105 a
951 2065 1071 2124 pecore,
1096 2051 1132 2106 ut
1156 2048 1288 2124 pecunia
1311 2065 1435 2123 quoqne
1458 2049 1536 2124 ipsa.

408 2157 472 2213 iam
495 2150 582 2228 (nam
603 2150 711 2228 Vrsin.)
734 2157 830 2214 etiam
854 2157 939 2213 noxii
957 2172 1067 2229 pecore
1087 2155 1315 2223 multabantur,
1339 2156 1413 2230 quia
1435 2172 1537 2230 neque

408 2265 488 2320 aeris
512 2263 617 2320 adhuc
639 2281 741 2338 nsque
765 2265 887 2337 argenti
911 2265 978 2320 erat
1001 2263 1099 2336 copia.
1139 2263 1246 2336 itaque
1266 2278 1413 2336 suprema
1436 2263 1538 2320 multa

408 2370 503 2427 etiam
527 2388 612 2428 nunc
635 2370 811 2446 appellatur
835 2413 842 2427 .
869 2413 875 2427 .
902 2413 908 2426 .
934 2357 1199 2443 (reliquatorem).

471 2493 500 2550 5.
533 2488 665 2568 Quibus
699 2489 862 2572 expositis
895 2510 1003 2551 unum
1036 2488 1137 2551 modo
1170 2487 1361 2572 glossarum
1394 2509 1537 2554 examen

365 2597 581 2680 congregabo
606 2596 777 2679 dignitate
802 2617 883 2678 prae
908 2595 1030 2660 ceteris
1055 2595 1287 2678 conspicuum.
1341 2598 1422 2658 sunt
1446 2595 1536 2660 enim

365 2704 407 2767 de
431 2705 573 2768 deorum
604 2704 813 2785 dearumque
845 2702 1106 2784 cognominibus
1137 2706 1172 2766 et
1202 2701 1399 2766 nominibus
1433 2705 1535 2785 atque

363 2831 480 2875 omnes
500 2811 536 2873 in
556 2810 727 2894 prioribus
747 2809 960 2892 singularum
976 2809 1171 2873 litterarum
1189 2809 1346 2892 partibus
1362 2809 1535 2892 leguntur.

363 2919 479 3001 itaque
503 2921 543 2980 ut
566 2938 603 2982 re
627 2918 674 2982 sic
699 2917 803 2981 etiam
828 2916 913 2994 loco,
939 2937 1041 2999 quem
1064 2919 1245 3000 occupant,
1275 2937 1347 2982 sese
1372 2919 1536 3000 cognatas

364 3025 579 3108 profitentur.

362 3173 392 3228 p.
412 3155 520 3223 22,14
544 3155 776 3230 Apollinem
800 3155 922 3229 antiqui
946 3133 1093 3211 dicebant
1116 3171 1171 3230 pro
1196 3155 1383 3230 Apollinem.

363 3280 390 3336 p.
411 3261 519 3329 22,15
545 3263 696 3336 Aperta
719 3262 804 3318 idem
823 3261 935 3336 Apollo
960 3262 1142 3330 uocabatur,
1166 3263 1240 3336 quia
1263 3265 1391 3336 patente
1415 3263 1535 3320 cortina

406 3385 556 3443 responsa
579 3369 619 3426 ab
643 3386 679 3426 9ο
704 3370 828 3425 dentur.

362 3495 391 3549 p.
410 3475 517 3543 43,16
543 3474 740 3532 Camenae
764 3475 874 3532 Musae
898 3492 917 3532 a
936 3475 1128 3532 carminibus
1148 3480 1223 3533 sunt
1243 3477 1355 3545 dictae,
1380 3477 1431 3534 uel
1451 3478 1535 3552 quod

406 3585 525 3639 canunt
560 3583 760 3656 antiquorum
796 3583 917 3650 laudes,
956 3582 1007 3638 uel
1042 3583 1126 3656 quod
1165 3587 1240 3640 sunt
1274 3586 1380 3641 castae
1419 3585 1534 3641 mentis

427 3689 574 3746 raesides.

361 3816 390 3870 p.
405 3709 461 3863 ll,
484 3795 521 3852 14
546 3795 705 3869 Cybebe
729 3796 839 3863 Mater,
864 3813 959 3871 quam
984 3797 1131 3854 dicebant
1153 3797 1312 3870 Magnam,
1336 3798 1381 3853 ita
1400 3798 1534 3872 appella-

405 3903 507 3970 batur,
533 3904 616 3978 quod
640 3906 747 3978 ageret
770 3903 913 3960 homines
932 3905 964 3960 in
984 3903 1132 3972 furorem,
1157 3903 1240 3977 quod
1260 3902 1371 3960 Graeci
1390 3895 1535 3982 κύβηβον

405 4010 524 4066 dicunt.

364 4248 455 4300 Varro
473 4247 742 4314 bindurcbpcpanpcn
763 4250 834 4302 sind.
871 4247 997 4301 similiter
1015 4248 1181 4302 Geffclrenus
1207 4249 1348 4315 (Tiaraios’
1369 4250 1535 4318 Gcopraphic

360 4338 405 4388 cles
430 4336 543 4408 Westeas
565 4353 592 4403 p.
613 4339 753 4402 74—80).
785 4335 883 4389 harum
911 4337 1027 4390 duarum
1058 4338 1151 4406 legum
1179 4337 1338 4390 memoriam
1367 4337 1441 4405 apud
1469 4337 1535 4393 iuris

360 4423 463 4491 peritos
488 4428 625 4477 seruatam
651 4423 733 4477 luisse
759 4424 876 4478 coniecit
894 4425 1049 4496 Herzogius
1067 4427 1142 4496 (riter
1160 4428 1202 4478 die
1221 4427 1469 4493 Glurtbuuirdipkeit
1487 4431 1535 4482 der·

360 4528 411 4564 cus
429 4514 477 4564 der·
494 4515 643 4566 rimischea
662 4513 793 4582 Republilc
811 4514 850 4566 bis
868 4531 929 4566 aum
948 4516 1023 4568 Jahr
1040 4519 1092 4570 387
1119 4516 1144 4570 d.
1163 4516 1204 4572 st.
1225 4517 1411 4580 sibenliesertcn
1431 4519 1535 4570 Genetzc

360 4618 386 4669 P·
406 4604 460 4670 20·)
