3670 5476
812 414 971 504 Aa„
1025 477 1026 480 ψ
1091 380 1100 400 ’

157 641 161 648 ·
211 685 213 690 ,
307 626 473 701 homines,
510 625 569 707 qui
596 624 670 686 XII
697 623 835 687 tabulas
870 623 1152 707 perscripserunt,
1188 623 1293 686 libras
1328 625 1478 687 numeris

306 733 407 796 modo
424 732 633 807 indicarunt,
658 751 857 814 persuasum
875 731 942 794 sibi
957 730 1133 793 habebant
1152 731 1235 806 fore,
1261 734 1301 792 ut
1324 730 1478 814 legentes

217 887 219 891 ,
306 840 390 921 quid
424 839 461 900 hi
495 837 630 921 numeri
664 837 730 902 sibi
761 837 894 900 uellent
924 837 1042 900 statim
1072 836 1326 920 intellegerent.
1373 857 1478 919 quare

306 934 448 1029 aripenni
471 924 560 1010 aeris
584 964 683 1008 usum
707 944 775 1006 ianr
796 943 856 1006 diu
872 944 963 1026 apud
979 943 1151 1007 Romanos
1168 944 1345 1026 cognitum
1360 943 1477 1019 fuisse,

208 1039 232 1072 ⁵
307 1074 384 1116 cum
407 1053 501 1136 leges
520 1052 594 1116 XII
618 1050 815 1114 tabularum
841 1050 933 1113 latae
957 1053 1047 1126 sunt,
1072 1070 1210 1114 necesse
1234 1053 1286 1114 est
1309 1052 1350 1112 ut
1373 1053 1478 1113 statu-

307 1181 413 1222 amus.
460 1163 564 1242 atque
595 1159 680 1222 rude
712 1157 777 1221 hoc
809 1177 865 1221 aes
896 1157 965 1219 iam
996 1157 1242 1239 antiquissimis
1264 1157 1478 1240 temporibus

206 1357 208 1359 Ι
307 1266 349 1329 ab
381 1266 458 1329 aliis
489 1286 623 1349 quoque
652 1264 777 1327 Italiae
808 1264 944 1348 populis
975 1265 1019 1328 ad
1050 1264 1253 1328 commercia
1283 1264 1479 1347 peragenda

307 1371 501 1437 adhibitum
519 1393 591 1436 esse
609 1373 771 1436 docemur
787 1371 927 1435 aheneis
949 1371 1152 1454 quibusdam
1178 1371 1297 1434 massis
1321 1370 1365 1434 ad
1389 1371 1478 1434 hanc
1520 1446 1524 1452 ῃ

306 1501 406 1544 usum
436 1477 518 1543 olim
550 1479 741 1554 destinatis,
774 1499 858 1561 quas
882 1479 1064 1541 Zannonus
1094 1478 1132 1540 in
1159 1477 1270 1562 prisco
1294 1477 1386 1541 dolio
1410 1499 1479 1540 una

310 1608 386 1650 cum
417 1586 539 1650 multis
568 1585 707 1650 aheneis
738 1585 976 1649 instrumentis
1007 1585 1158 1668 repperit
1169 1584 1200 1662 ¹).
1217 1619 1261 1626 —
1284 1604 1371 1666 quae
1402 1605 1479 1648 cum

281 1694 356 1756 'ita
381 1694 460 1768 sint,
494 1693 617 1756 mirum
649 1712 729 1756 sane
763 1692 875 1754 uideri
898 1694 1013 1774 posset
1041 1691 1169 1754 multas
1193 1694 1285 1775 apud
1308 1691 1479 1756 Romanos

310 1801 432 1882 quinto
457 1801 593 1863 demum
619 1820 647 1862 a.
666 1797 747 1862 (ihr.
766 1821 799 1861 n.
820 1797 957 1862 saeculo
987 1798 1186 1862 aestimatas
1211 1819 1299 1863 esse.
1346 1799 1375 1861 si
1398 1819 1480 1862 uero

307 1907 487 1970 nobiscum
504 1906 780 1990 reputauerimus
797 1906 986 1988 adpensum
1003 1925 1061 1968 aes
1077 1908 1112 1969 et
1128 1905 1285 1988 pecudes,
1311 1905 1371 1967 ubi
1387 1908 1482 1968 certa

306 2014 439 2078 ratione
463 2013 554 2078 inter
578 2033 614 2076 se
638 2015 826 2095 coaequata
846 2015 936 2088 sunt,
961 2032 1180 2075 nummorum
1199 2012 1310 2076 uicem
1331 2011 1479 2095 perbene

306 2120 408 2183 simul
438 2140 556 2202 gerere
587 2130 686 2202 posse'
714 2122 817 2201 atque
846 2119 938 2201 apud
965 2118 1138 2182 Romanos
1165 2117 1254 2180 nihil
1281 2121 1381 2181 tanta
1409 2119 1479 2182 diu·

305 2228 475 2291 turnitate
499 2226 761 2308 constantiaque
779 2225 886 2289 fuisse
906 2245 1008 2308 quam
1033 2225 1147 2310 legum
1173 2229 1366 2309 praecepta,
1391 2225 1479 2288 nihil

306 2355 367 2398 nos
390 2326 535 2416 impedit
559 2353 602 2396 ne
619 2333 846 2397 concedamus
864 2332 990 2396 multas
1006 2335 1082 2395 tum
1099 2333 1237 2397 demum
1254 2353 1332 2397 aere
1356 2353 1479 2416 pensas

175 2463 205 2480 ·1
307 2437 389 2505 esse.
435 2441 551 2524 itaque
587 2441 665 2503 illas
701 2441 743 2504 de
778 2461 938 2524 suprema
973 2443 1008 2503 et
1043 2440 1186 2503 minima
1221 2439 1332 2502 multa
1366 2442 1402 2504 et
1437 2440 1479 2503 de

307 2548 493 2611 multarum
510 2547 749 2611 aestimatione
765 2547 858 2631 leges
877 2567 914 2610 re
938 2567 1021 2610 uera
1045 2546 1134 2610 latas
1158 2567 1230 2610 esse
1254 2568 1323 2610 non
1348 2549 1399 2610 est
1419 2568 1480 2609 cur

305 2655 504 2718 infitiemur.
550 2654 631 2718 illae
665 2674 748 2718 uero
779 2653 821 2717 de
850 2654 903 2716 his
930 2653 1066 2736 legibus
1098 2653 1363 2730 controuersiae,
1395 2674 1479 2737 quas

309 2761 498 2826 diiudicare
514 2761 668 2824 uoniam
685 2781 874 2843 possumus,
894 2761 974 2823 inde
991 2761 1138 2824 fortasse
1154 2763 1256 2824 natae
1273 2763 1362 2836 sunt,
1388 2761 1479 2843 quod

309 2867 427 2932 Oicero
459 2872 494 2931 et
518 2867 638 2930 Liuius
669 2867 846 2930 annalium
878 2867 1109 2930 Romanorum
1140 2867 1339 2931 memoriam
1371 2867 1480 2931 secuti

308 2978 398 3051 sunt,
423 2974 531 3038 Varro
563 2977 679 3038 autem
711 2994 751 3038 ea
780 2974 818 3036 in
848 2995 948 3037 usum
980 2995 1079 3036 suum
1104 2975 1287 3050 conuertit,
1319 2994 1406 3056 quae
1438 2974 1479 3038 de

307 3081 348 3144 iis
373 3081 507 3164 legibus
531 3082 623 3165 apud
639 3063 816 3144 Timrieum
834 3080 978 3164 legerat.
1017 3102 1097 3144 nam
1111 3080 1299 3144 Varronem
1316 3102 1479 3144 unacum

308 3189 361 3252 his
392 3188 527 3270 legibus
550 3187 681 3252 Timaei
712 3188 817 3252 libros
848 3188 971 3251 citasse
1003 3209 1021 3251 e
1053 3186 1145 3252 Gelli
1175 3188 1290 3252 uerbis
1318 3188 1479 3270 colligere

308 3294 389 3358 licet
422 3298 525 3377 atque
557 3295 703 3359 fortasse
737 3296 805 3357 huc
839 3315 879 3358 ea
908 3315 1047 3377 ,quoque
1079 3295 1250 3359 trahenda
1280 3298 1362 3359 sunt
1391 3316 1479 3378 quae
1517 3275 1520 3282 ¹

307 3384 440 3464 Plinius
465 3399 584 3465 scribit
609 3397 651 3484 (a.
669 3401 698 3464 li.
718 3407 769 3478 33,
784 3395 851 3483 43):
887 3399 1021 3464 Seruius
1040 3421 1096 3465 rea
1109 3401 1237 3482 primas
1255 3400 1399 3483 sipnonit
1416 3423 1478 3482 nes,

308 3513 402 3572 unica
425 3506 501 3570 rudi
523 3528 596 3571 asos
619 3507 740 3572 Rornae
768 3506 915 3572 Timaeus
939 3502 1082 3591 tradiit.
1125 3495 1127 3509 Α

306 3794 388 3858 pacto
408 3807 439 3842 ea
458 3794 530 3842 utare
549 3793 670 3857 possunt,
690 3805 759 3856 quae
778 3788 812 3842 dc
826 3787 889 3842 assis
903 3787 1081 3856 antiquissimi
1100 3787 1190 3841 forma
1209 3792 1236 3841 et
1252 3788 1374 3856 pondere
1393 3806 1481 3858 nuper

307 3882 466 3930 laniacum
492 3877 592 3930 fiducia
611 3877 782 3931 adseuerauit
805 3877 956 3946 Itidgeway
981 3878 1033 3944 (ibe
1058 3880 1149 3944 oripin
1170 3879 1203 3942 of
1222 3879 1335 3930 metallis
1352 3895 1481 3944 cuirarcp

306 3969 362 4019 and
380 3969 474 4034 weipht
492 3968 640 4019 standards
658 3983 684 4034 p.
704 3970 756 4022 353
767 3970 880 4033 -362).

415 4056 435 4124 l)
454 4055 495 4110 Of.
515 4055 550 4110 A.
564 4055 689 4108 Zannoni
708 4057 734 4107 la
753 4057 879 4121 funderis
897 4057 927 4108 di
945 4058 1067 4123 Bolopna
1088 4057 1182 4126 (1888)
1200 4073 1226 4124 p.
1239 4059 1282 4110 47.
1297 4059 1338 4112 59.
1357 4057 1432 4114 tabb.
1445 4061 1479 4112 51

308 4147 392 4200 -54,
421 4149 452 4196 ut
471 4144 544 4212 apud
556 4143 642 4196 ltalos
661 4161 706 4197 aes
726 4145 801 4214 rude,
820 4145 860 4197 its
878 4145 952 4212 apud
963 4144 1115 4198 Phoenices
1134 4150 1279 4215 argentum
1298 4145 1365 4198 rude
1376 4146 1481 4213 perdiu

306 4233 335 4284 in
353 4250 404 4286 usu
423 4233 476 4285 fuit
493 4232 616 4304 (Movere
635 4235 780 4286 Phinizier
797 4237 823 4302 2,
837 4238 862 4302 3,
875 4234 928 4303 28).

415 4323 435 4391 ²)
461 4321 541 4375 Idem
566 4322 691 4390 proxime
711 4321 868 4375 adfirmauit
885 4321 1049 4376 Muenzerus
1075 4325 1200 4390 Beiirdpe
1217 4341 1270 4374 zur
1290 4325 1481 4388 Quellenlrriiilc

306 4413 354 4464 der·
372 4413 608 4479 Noturpeschichtc
626 4413 670 4465 des
688 4413 796 4464 Plinius
813 4430 840 4479 p.
854 4416 914 4467 307.
952 4428 1013 4465 cum
1032 4411 1074 4464 his
1094 4411 1249 4480 coniungas,
1269 4412 1482 4479 quaeWissowa

306 4505 381 4553 recte
399 4500 507 4553 monuit
528 4501 630 4569 (Herm.
643 4504 687 4568 22,
700 4504 743 4570 41,
758 4503 801 4567 l):
820 4501 887 4552 Man
901 4502 970 4552 icird
988 4501 1060 4552 nicht
1072 4504 1157 4568 irren,
1177 4518 1250 4553 sirena
1263 4518 1327 4552 inan
1340 4504 1481 4567 annimmi,

307 4590 370 4641 does
387 4592 430 4641 die
448 4593 554 4642 maistas
574 4591 614 4643 tei
631 4591 800 4642 lateinisches
814 4590 933 4642 Auioren
946 4590 1097 4642 erbolienen
1113 4591 1385 4657 Timacusfraqmenie
1396 4591 1481 4650 durch
