3670 5476
864 491 906 547 33

297 700 511 784 praeteriret,
536 703 611 763 tum
635 722 718 764 uero
743 700 882 782 cognita
905 699 1039 763 incuria
1062 721 1124 762 sua
1148 700 1209 762 has
1228 699 1358 781 glossas
1382 701 1470 782 post·

301 807 402 870 modo
427 808 580 871 adderet.
627 807 741 882 immo,
771 807 955 871 alterarum
981 807 1134 890 partium·
1156 806 1289 890 glossae
1312 807 1363 869 ita
1386 827 1472 870 com-

298 918 438 998 paratae
462 917 543 978 sunt
566 917 606 976 ut
630 915 780 998 priorum
807 915 970 998 partium,
995 914 1062 977 nisi
1086 915 1177 996 quod
1197 914 1331 997 saepius
1355 934 1471 996 grega-

296 1023 361 1085 tim
398 1022 591 1106 procedunt
629 1021 902 1104 seuerioremque
949 1021 1144 1085 litterarum
1190 1021 1320 1084 ordinis
1359 1020 1469 1103 legem

298 1131 475 1212 spernunt.
516 1128 633 1211 itaque
658 1150 726 1192 non
750 1148 796 1205 re,
823 1129 883 1193 sed
907 1129 1036 1192 ordinis
1060 1128 1136 1212 lege
1155 1131 1293 1190 tantum
1314 1149 1334 1190 a
1350 1128 1471 1210 glossis

299 1237 449 1320 priorum
474 1235 625 1319 partium
649 1235 826 1300 differunt.
844 1232 850 1240 '
865 1256 975 1319 neque
996 1235 1081 1298 mihi
1098 1234 1240 1298 dubium
1262 1238 1314 1298 est
1331 1235 1471 1299 Festum

300 1344 457 1407 binarum
493 1343 642 1426 partium
679 1342 911 1406 differentiam
947 1364 1016 1406 non
1045 1342 1266 1427 perspexisse.
1325 1362 1471 1424 namque

300 1451 421 1514 Festus
453 1451 481 1513 si
511 1451 642 1514 sciebat
666 1450 811 1514 alteram
835 1450 974 1514 litterae
999 1449 1030 1512 R
1054 1453 1186 1534 partem
1210 1451 1291 1513 inde
1316 1472 1336 1512 a
1359 1449 1471 1532 glossa

299 1582 331 1641 p.
350 1562 423 1634 282,
442 1562 480 1619 10
511 1557 675 1620 RAVAM
700 1557 862 1640 incipere,
895 1578 955 1621 our
983 1579 1052 1621 non
1085 1557 1127 1621 ab
1159 1558 1224 1622 hac
1254 1558 1328 1641 ipsa
1358 1556 1471 1640 glossa

299 1665 438 1727 initium
463 1665 555 1748 cepit
578 1664 659 1729 libri
682 1664 833 1726 XVIII?
865 1685 942 1728 cum
973 1685 1054 1729 uero
1085 1665 1177 1728 inter
1206 1665 1296 1728 hanc
1323 1664 1472 1749 glossam

300 1775 334 1836 et
357 1772 495 1834 initium
521 1771 601 1835 libri
621 1771 747 1833 XVIII
771 1792 829 1835 sex
853 1771 941 1836 aliae
966 1772 1098 1855 glossae
1122 1772 1349 1848 intercedant,
1374 1774 1472 1854 patet

300 1900 376 1943 eum
401 1880 443 1942 de
468 1879 557 1942 binis
582 1878 738 1962 partibus
762 1878 851 1942 nihil
879 1882 1092 1962 compertum
1116 1879 1277 1944 habuisse
1301 1899 1411 1963 neque
1436 1879 1472 1942 in

300 1985 397 2050 Verri
428 1986 524 2050 libris
556 1986 682 2050 alteras
713 1989 829 2069 partes
861 2008 880 2049 a
911 1986 1081 2070 prioribus
1111 1987 1184 2051 ullo
1216 1988 1326 2063 mod0,
1360 1987 1471 2051 ueluti

302 2094 381 2157 noui
399 2093 479 2157 libri
494 2093 604 2170 initio,
624 2093 796 2156 seiunctas
813 2093 929 2157 fuisse.
961 2097 1069 2176 utque
1085 2094 1153 2157 iam
1170 2096 1213 2159 ad
1226 2093 1472 2159 Reitzensteini

302 2200 508 2279 sententiam
534 2203 697 2275 reuertar,
723 2221 742 2262 a
761 2200 836 2264 uiro
854 2200 1052 2264 doctissimo
1069 2222 1231 2284 quaerere
1248 2200 1363 2277 uelim,
1388 2222 1472 2262 num

299 2307 485 2372 uerisimile
510 2328 582 2371 esse
607 2308 712 2371 ducat
736 2328 801 2384 eos,
827 2308 885 2390 qui
909 2311 987 2391 post
1000 2308 1099 2372 Verri
1116 2311 1260 2372 mortem
1277 2308 1349 2372 eius
1366 2307 1472 2371 libros

300 2414 481 2491 ediderint,
507 2415 696 2497 indigestas
720 2415 933 2498 singularum
959 2415 1154 2479 litterarum
1174 2419 1289 2498 partes
1308 2414 1350 2478 iis
1370 2413 1472 2498 parti-

301 2521 372 2598 bus,
398 2543 482 2604 quas
495 2522 635 2586 Verrius
659 2522 727 2584 iam
744 2524 779 2584 in
797 2523 951 2586 ordinem
969 2524 1159 2604 redegerat,
1184 2521 1281 2586 nullo
1298 2521 1473 2610 diremptu

299 2629 393 2691 facto
422 2629 639 2712 adplicuisse.
686 2630 777 2712 quod
808 2630 940 2693 factum
973 2651 1045 2693 esse
1076 2651 1145 2692 non
1176 2648 1314 2712 possum
1346 2629 1473 2692 adduci

299 2738 339 2798 ut
365 2736 511 2799 credam.
558 2757 638 2798 nam
670 2757 747 2799 cum
772 2737 874 2800 Festo
900 2740 1039 2801 auctore
1057 2736 1156 2800 Verri
1180 2756 1266 2819 opus
1290 2738 1344 2799 tot
1367 2735 1473 2800 libros

301 2843 596 2926 complecteretur,
633 2844 730 2907 facili
759 2865 864 2926 opera
893 2845 968 2908 fieri
998 2844 1121 2927 potuit,
1158 2845 1198 2906 ut
1229 2843 1359 2907 alterae
1389 2864 1473 2926 quas

300 2950 444 3012 dicimur
468 2954 584 3034 partes
608 2973 628 3014 a
651 2973 742 3015 nouo
769 2952 858 3016 libro
882 2951 1084 3035 inciperent.
1139 2951 1198 3015 sed
1227 2951 1313 3014 mihi
1343 2951 1473 3034 liquere

300 3057 462 3140 pr0fiteor
484 3057 732 3122 Reitzensteini
756 3059 954 3123 coniectura
978 3059 1117 3123 minime
1149 3079 1234 3142 opus
1265 3078 1347 3134 esse,
1380 3059 1473 3121 dum-

301 3165 401 3228 modo
434 3183 478 3228 ne
509 3165 663 3228 ordinem
695 3157 932 3248 rationemque
963 3185 1166 3248 quaeramus
1190 3166 1250 3229 ubi
1273 3165 1390 3229 nullus
1421 3169 1473 3230 est

301 3293 411 3354 neque
435 3271 514 3335 fuit.
562 3274 665 3356 atque
696 3273 782 3336 mihi
812 3273 951 3355 quidem
981 3273 1121 3337 uidetur
1138 3273 1278 3337 Verrius
1309 3272 1472 3348 collectis,

302 3400 384 3461 quas
409 3380 509 3444 edere
533 3380 689 3463 parabat,
719 3380 840 3463 glossis
865 3383 900 3445 et
924 3380 1212 3464 explicationibus
1236 3380 1386 3464 aliquam
1411 3381 1474 3444 dis-

302 3487 537 3570 ponendarum
572 3487 638 3552 rite
670 3487 860 3570 glossarum
891 3488 1004 3570 legem
1015 3486 1036 3569 1)
1066 3491 1263 3572 temptasse,
1298 3491 1339 3552 ut
1362 3488 1474 3572 operis

302 3593 502 3657 consulendi
518 3594 669 3658 laborem
688 3595 873 3672 minueret;
895 3598 1015 3679 postea
1033 3616 1112 3659 uero
1130 3617 1208 3660 cum
1224 3595 1368 3660 uidisset
1385 3598 1475 3658 hanc

302 3700 411 3784 legem
443 3700 637 3765 claudicare
668 3702 794 3784 uixque
824 3702 1006 3785 quicquam
1038 3703 1208 3767 commodi
1241 3704 1472 3787 suppeditare,

301 3808 402 3871 istam
419 3809 528 3892 legem
542 3809 739 3893 repudiasse
756 3809 963 3892 glossasque,
983 3831 1068 3892 quas
1080 3811 1231 3874 nondum
1246 3810 1471 3894 disposuerat,

302 3917 339 3977 ut
372 3919 471 3979 erant
506 3915 682 3991 collectae,
720 3916 877 3980 edidisse.
931 3938 998 4000 quo
1034 3921 1136 4000 pacto
1171 3917 1274 3982 facile
1310 3918 1474 4001 explicari

301 4025 425 4105 potest,
451 4045 512 4086 cur
535 4024 721 4086 eorundem
746 4044 846 4107 saepe
862 4028 1040 4088 auctorum
1058 4025 1198 4089 nomina
1214 4026 1250 4088 in
1266 4025 1384 4089 alteris
1400 4048 1473 4109 par-

301 4129 395 4192 tibus
418 4131 574 4214 legamus
599 4135 633 4194 et
658 4131 752 4194 haud
776 4153 905 4216 paucae
921 4132 1112 4214 glossarum
1131 4135 1355 4216 cognatarum
1372 4135 1473 4198 socie·

301 4239 391 4300 tates
415 4237 450 4299 in
475 4258 532 4301 eas
556 4239 744 4320 productae
768 4239 1001 4304 inueniantur.

409 4484 428 4550 ¹)
451 4482 521 4536 Eam
540 4483 630 4552 legem
645 4483 715 4552 dico,
729 4485 805 4537 cuius
820 4484 936 4553 uestigia
950 4483 1102 4536 Muellerus
1115 4484 1142 4536 in
1156 4483 1292 4552 prioribus
1305 4484 1474 4554 singularum

300 4566 454 4625 litterarum
473 4572 597 4640 partibus
614 4572 764 4641 indagauit.
