3670 5476
293 667 461 749 originem
484 666 627 729 traxisse
652 666 726 729 siue
750 667 873 729 erroris
897 669 992 729 metu
1017 667 1198 729 adfirmare
1224 668 1343 730 ausim.
1384 683 1464 730 nam

292 793 460 855 nusquam
492 775 557 836 hae
587 772 720 857 glossae
753 773 844 836 inter
867 792 902 836 se
927 775 1093 856 pugnant,
1126 773 1260 857 saepius
1292 794 1375 837 uero
1399 774 1464 836 sibi

292 880 502 963 respondent
514 900 654 963 seseque
667 879 840 963 supplent.
875 877 1041 942 Claudius
1058 879 1163 943 etiam
1179 880 1361 963 augurales
1378 901 1464 943 com-

295 985 478 1050 mentarios
502 987 650 1070 perbene
674 985 820 1062 nouerit,
850 1006 928 1049 cum
952 1007 1019 1067 quo
1042 989 1197 1070 tempore
1221 986 1326 1050 libros
1351 986 1464 1051 emisit

293 1113 354 1175 per
377 1097 455 1157 octo
479 1115 586 1156 annos
609 1094 678 1156 iam
703 1095 909 1176 auguratum
934 1093 1105 1175 gessisset.

399 1200 512 1263 Multo
536 1221 618 1264 uero
643 1200 804 1264 maiorem
830 1198 1047 1283 auguralium
1072 1199 1261 1282 glossarum
1282 1222 1464 1265 numerum

292 1308 328 1369 in
363 1307 481 1372 alteris
516 1308 729 1390 singularum
764 1307 959 1371 litterarum
999 1306 1155 1389 partibus
1193 1307 1389 1371 inueuimus
1429 1313 1464 1372 et

292 1413 409 1478 fausta
442 1413 583 1477 fortuna
618 1415 751 1478 factum
786 1417 847 1490 est,
880 1416 920 1476 ut
950 1433 1025 1488 non
1050 1434 1236 1496 paucarum
1272 1415 1463 1496 glossarum

293 1523 473 1584 auctorum
486 1521 626 1584 nomina
639 1521 737 1585 nobis
750 1525 941 1584 seruentur.
966 1519 1089 1602 quibus
1102 1520 1299 1584 nominibus
1310 1522 1464 1586 Reitzen-

293 1627 437 1691 steiuius
468 1629 637 1710 sagaciter
668 1649 749 1691 usus
779 1649 851 1692 rem
883 1649 922 1691 eo
944 1627 1125 1711 perduxit,
1157 1631 1197 1690 ut
1228 1648 1306 1691 suas
1341 1630 1463 1711 cuique

293 1735 426 1798 auctori
456 1735 586 1817 glossas
616 1735 786 1799 redderet.
833 1737 937 1817 atque
968 1734 1005 1797 hi
1038 1738 1195 1798 auctores
1228 1739 1310 1798 sunt
1342 1736 1464 1800 Ateius

294 1841 417 1924 Capito
441 1842 610 1906 Veranius
643 1842 806 1905 Messalla
816 1838 847 1922 ¹),
884 1862 1029 1924 quorum
1064 1841 1309 1925 explicationes
1344 1844 1463 1907 eodem

292 1949 365 2010 fere
396 1949 461 2012 sibi
491 1949 682 2012 succedunt
705 1948 834 2025 ordine,
859 1969 926 2031 quo
948 1948 1091 2011 nomina
1113 1949 1222 2031 posui.
1269 1970 1355 2031 quae
1379 1950 1463 2014 Mes·

291 2055 396 2118 sullae
428 2055 599 2118 debentur
629 2055 761 2138 glossae
786 2055 888 2118 finem
919 2055 1057 2118 litterae
1081 2075 1163 2118 suae
1187 2060 1358 2139 occupant
1382 2077 1464 2120 sem-

291 2181 360 2243 per,
385 2162 452 2224 nisi
475 2163 565 2244 quod
599 2162 635 2224 in
667 2163 733 2225 fine
762 2161 953 2246 glossarum
984 2182 1044 2244 per
1068 2162 1091 2224 S
1114 2162 1355 2246 incipientium
1378 2164 1464 2228 Mes-

292 2267 397 2331 sallae
410 2268 697 2352 explicationibus
711 2271 799 2333 duae
813 2271 1023 2353 postpositae
1040 2272 1122 2332 sunt
1136 2268 1313 2353 Capitonis
1327 2271 1464 2334 nomine
1528 2283 1529 2286 ’

292 2375 486 2456 insignitae.
527 2378 611 2440 haec
628 2376 670 2439 de
693 2375 764 2438 illis
787 2376 909 2458 glossis
934 2376 1097 2440 adtulisse
1115 2377 1198 2439 satis
1216 2379 1277 2453 est,
1303 2377 1464 2458 quoniam

292 2484 406 2545 cetera
422 2482 464 2546 de
481 2482 522 2545 iis
539 2483 640 2546 docte
656 2486 691 2546 et
708 2482 858 2546 dilucide
876 2505 896 2546 a
910 2483 1179 2548 Reitzensteinio
1196 2484 1357 2568 expedita
1373 2487 1463 2546 sunt.

400 2610 429 2668 4.
465 2606 541 2669 Etsi
571 2607 607 2668 in
636 2608 754 2670 alteris
785 2606 980 2671 litterarum
1011 2608 1167 2691 partibus
1191 2629 1307 2673 sacrae
1330 2609 1464 2692 glossae

292 2713 503 2796 praeualent,
528 2717 645 2777 tamen
669 2714 814 2776 aliarum
830 2735 965 2797 quoque
989 2715 1179 2798 glossarum
1203 2716 1297 2779 haud
1322 2717 1465 2800 exiguus

292 2821 328 2883 in
350 2820 394 2884 iis
416 2820 507 2885 inest
537 2842 708 2897 numerus,
734 2822 860 2904 quique
893 2823 1077 2886 maximam
1101 2826 1235 2907 partem
1259 2843 1277 2886 e
1303 2823 1465 2887 Varronis

293 2927 388 2990 libris
414 2928 603 3010 exscriptus
628 2931 690 2991 est.
739 2930 802 2992 hae
836 2929 970 3011 glossae
998 2949 1098 3013 saepe
1122 2951 1195 2993 sese
1219 2929 1397 3012 adplicant
1421 2931 1464 2993 ad

293 3034 378 3097 alias
408 3034 444 3095 in
476 3033 646 3116 prioribus
677 3035 872 3118 litterarum
904 3035 1059 3119 partibus
1091 3036 1288 3120 explicatas.
1336 3037 1384 3100 sic
1409 3039 1465 3100 tri·

294 3141 399 3204 buum
424 3141 670 3225 explicationes
693 3142 730 3205 in
753 3120 907 3224 utrisque
932 3143 1144 3206 diuersarum
1174 3143 1369 3208 litterarum
1393 3165 1466 3228 par-

293 3248 386 3311 tibus
410 3249 575 3330 leguntur
599 3249 688 3312 sicut
705 3249 808 3312 etiam
826 3249 1097 3333 praenominum,
1123 3270 1207 3334 quas
1226 3251 1293 3313 iam
1311 3250 1465 3314 Reitzen-

294 3354 438 3417 steinius
469 3355 640 3436 congessit
668 3350 711 3439 (p.
738 3359 789 3418 24.
815 3352 878 3436 25).
926 3355 1041 3419 nescio
1066 3377 1127 3420 cur
1149 3357 1241 3421 idem
1265 3358 1319 3420 uir
1343 3359 1465 3421 doctus

294 3481 364 3523 uon
399 3460 595 3525 adiunxerit
631 3462 847 3543 cognomina,
884 3483 971 3545 quae
1006 3464 1090 3528 item
1118 3464 1281 3529 Varronis
1316 3487 1334 3530 e
1369 3465 1466 3529 libris

295 3543 427 3630 haustal
442 3571 538 3631 sunt:
574 3588 651 3631 nam
675 3568 779 3633 facile
804 3591 881 3632 cum
906 3571 1184 3654 praenominibus
1208 3561 1467 3656 coniunguntur

294 3668 349 3752 (cf.
374 3675 661 3739 Reitzensteinius
692 3698 723 3758 p.
749 3671 812 3758 24).
860 3698 964 3759 quare
988 3699 1057 3740 non
1079 3678 1204 3742 inutile
1235 3679 1301 3742 erit
1331 3700 1372 3743 ea
1401 3681 1466 3743 hoc

293 3781 369 3845 loco
399 3803 589 3866 proponere
620 3782 692 3846 siue
723 3783 759 3845 in
789 3785 902 3867 priore
932 3785 1005 3849 siue
1029 3785 1065 3846 in
1090 3786 1200 3848 altera
1223 3785 1361 3849 litterae
1385 3807 1466 3850 suae

294 3892 391 3971 parte
415 3889 589 3972 leguntur.

295 4066 506 4074 --—..

403 4188 422 4255 ¹)
440 4186 553 4241 Praeter
571 4188 620 4242 hos
639 4191 721 4242 semel
741 4191 875 4244 Antistius
888 4191 983 4244 Labeo
1002 4191 1102 4245 citatur
1120 4193 1157 4261 (p.
1169 4196 1305 4262 290,10);
1324 4192 1351 4246 in
1371 4192 1466 4246 eadem

294 4277 475 4344 explicatione
494 4278 561 4330 alius
574 4295 682 4347 quoqne
695 4279 813 4332 auctoris
832 4297 931 4333 nomen
948 4281 1072 4333 additum
1086 4285 1152 4349 erat,
1172 4281 1244 4348 quod
1257 4285 1370 4334 monent
1382 4282 1467 4334 uerba

293 4374 324 4419 ot
342 4370 381 4419 ait
404 4409 409 4420 .
431 4409 436 4421 .
458 4411 463 4421 .
493 4370 529 4434 (p.
543 4370 604 4434 290,
618 4371 656 4436 7).
692 4368 745 4421 hoc
769 4369 831 4421 loco
857 4369 911 4436 Ap.
938 4369 1051 4423 Pulchri
1076 4369 1176 4422 nomen
1202 4369 1384 4438 supplendum
1411 4388 1468 4424 esse

294 4455 411 4507 coniecit
428 4455 544 4509 Vrsinus
564 4457 601 4524 (p.
615 4457 741 4526 405111),
760 4459 893 4512 Varronis
911 4477 1012 4512 nomen
1031 4460 1137 4512 mauult
1155 4458 1307 4512 Merkelius
1328 4462 1375 4525 (od
1389 4461 1466 4516 Ouid.

293 4546 359 4609 snat.
384 4563 410 4613 p,
433 4547 520 4611 cxvi).
558 4546 605 4599 sed
631 4547 689 4599 ueri
715 4548 827 4602 similius
854 4556 894 4602 est
918 4549 971 4604 hoc
996 4550 1058 4601 loco
1081 4565 1181 4600 nomen
1201 4548 1305 4601 Verani
1324 4550 1368 4600 uel
1388 4549 1467 4617 Oapi-

293 4633 363 4685 tonis
383 4634 521 4688 excidisse.

1237 4739 1253 4788 2
