3670 5476
881 412 923 470 23

314 630 427 705 quibus
458 630 588 686 minime
619 630 719 687 multa
749 630 913 696 diceretur,
944 631 1102 704 concepit:
1134 628 1177 686 M.
1202 628 1342 698 Permitte,
1373 629 1486 702 quando
1593 681 1596 690 ,

314 736 418 794 atteias
451 754 538 810 licque
571 735 718 808 respoudit
751 754 838 810 neque
871 740 1021 794 excusatas
1055 740 1110 805 est,
1145 753 1193 810 eqo
1227 736 1254 794 11
1287 753 1374 793 anam
1408 755 1486 794 ouem

315 844 432 901 truttam
461 843 533 901 dico.
581 861 617 900 ac
648 844 708 900 nisi
741 860 777 900 eo
807 860 921 918 genere
948 844 1113 911 diceretur,
1144 847 1342 918 negauerunt
1368 844 1485 901 iustam

315 951 413 1007 uideri
437 951 580 1007 multam.
621 950 810 1007 uocabulum
834 955 942 1007 autem
965 951 1070 1025 ipsum
1090 951 1208 1007 multae
1227 950 1312 1007 idem
1333 951 1375 1006 M.
1387 950 1485 1008 Varro

315 1058 348 1114 in
371 1074 434 1114 uno
458 1058 607 1115 uicesimo
631 1074 735 1114 rerum
758 1057 970 1114 humanarum
993 1073 1057 1114 non
1080 1057 1238 1125 Latinum,
1263 1058 1318 1114 sed
1335 1056 1487 1114 Sabiuum

313 1181 382 1221 esse
405 1165 481 1221 dicit
490 1156 522 1239 1).

420 1264 507 1328 Cum
521 1265 574 1329 his
583 1267 819 1349 componenda
828 1269 908 1329 sunt
921 1287 1008 1348 quae
1016 1265 1137 1330 scribit
1148 1265 1181 1328 N
1183 1266 1282 1329 onius
1295 1261 1338 1348 (p.
1348 1268 1421 1341 216,
1432 1263 1485 1343 25]

318 1375 399 1436 (lues
419 1371 547 1453 pencris
572 1419 630 1435 ...
655 1371 835 1436 masculini.
867 1372 1000 1436 Varro
1024 1372 1179 1436 Rerum
1204 1373 1485 1434 humanarum

313 1478 385 1543 lib.
410 1473 588 1560 XX112):
622 1478 662 1541 Vt
683 1477 778 1542 etiam
801 1477 1016 1558 madentibus,
1041 1477 1096 1558 qai
1120 1498 1192 1542 oues
1211 1477 1298 1556 duos,
1321 1476 1486 1540 1111111111

313 1585 430 1664 dicuat,
456 1585 631 1648 Homerum
654 1583 774 1664 secutio,
799 1583 855 1665 qui
877 1584 925 1648 at't
949 1585 1016 1650 <Ψ
1027 1590 1103 1656 31>
1122 1583 1242 1647 Πολλοὶ
1258 1582 1286 1647 δ’
1295 1585 1366 1654 ὄιες.
1404 1582 1486 1648 idem

312 1692 537 1769 Terentio,
574 1693 747 1775 quando
782 1692 951 1756 citatus
986 1711 1124 1774 neque
1159 1691 1410 1774 respondit,
1448 1691 1485 1755 ei

313 1819 389 1882 ego
419 1820 547 1862 unum
578 1819 698 1862 ouem
730 1798 909 1862 multam
940 1799 1047 1862 dico.

421 1904 517 1984 Quae
535 1904 668 1970 Gellius
692 1906 734 1969 de
758 1891 907 1968 maxima
931 1908 966 1968 et
990 1905 1131 1968 minima
1147 1903 1258 1966 multa
1274 1908 1392 1967 narret
1416 1925 1486 1968 non

314 2034 354 2077 ex
379 2013 497 2077 eodem
521 2012 650 2077 Rerum
674 2013 901 2074 humanarum
930 2011 1018 2075 libro
1043 2011 1196 2074 hausisse
1220 2011 1360 2074 uidetur
1383 2014 1486 2093 etque

315 2141 355 2184 ea
378 2140 465 2203 quae
489 2120 531 2183 de
556 2118 686 2182 multae
710 2117 872 2182 nocebuli
895 2118 1027 2200 origiue
1050 2101 1206 2180 tradidit.
1246 2119 1331 2182 haec
1355 2138 1373 2181 e
1397 2117 1486 2183 libro

315 2227 402 2289 XXI
432 2227 589 2310 profecta
619 2245 691 2289 esse
723 2225 907 2288 confitetur
936 2225 1018 2308 ipse,
1054 2228 1090 2287 at
1119 2225 1211 2288 unde
1242 2225 1486 2289 antecedentes

315 2333 559 2417 explicationes
583 2331 768 2415 sumpserit
796 2352 864 2395 non
892 2334 1052 2395 accurate
1075 2331 1217 2395 indicet.
1264 2331 1324 2395 sed
1348 2353 1425 2395 cnm
1449 2332 1486 2395 in

313 2440 365 2503 his
389 2441 508 2504 eadem
533 2439 737 2502 indicendae
762 2437 893 2502 multae
916 2438 1067 2502 formula
1090 2438 1237 2520 legatur,
1266 2460 1368 2521 quam
1392 2440 1484 2522 apud

311 2547 465 2611 Nonium
492 2566 533 2609 ex
565 2545 673 2608 XXII
709 2545 797 2609 libro
825 2546 985 2607 haustam
1020 2544 1226 2620 inuenimus,
1263 2566 1340 2617 non,
1367 2546 1485 2628 negari

312 2656 427 2737 potest
451 2654 513 2716 has
537 2653 782 2736 explicationes
803 2673 843 2715 ex
863 2653 927 2715 hoc
948 2651 1036 2715 libro
1052 2655 1183 2714 tractas
1201 2671 1284 2715 esse.
1320 2652 1484 2716 Varronis

312 2760 420 2843 igitur
443 2761 528 2824 haec
553 2780 630 2823 cum
649 2759 764 2823 uerbis
785 2758 916 2822 eVerri
932 2758 1029 2822 libris
1046 2758 1225 2842 exscriptis
1242 2759 1284 2823 ab
1302 2759 1396 2823 omni
1411 2759 1484 2824 fere

312 2870 410 2950 parte
435 2867 657 2930 consentiunt
681 2870 716 2930 et
740 2866 862 2930 eximie
886 2887 927 2930 ea
950 2869 1089 2948 augent.
1135 2866 1344 2929 monendum
1367 2869 1485 2930 tamen

312 2977 364 3038 est
399 2995 419 3036 a
450 2971 564 3037 Gellio
598 2971 696 3036 nulla
727 2972 834 3036 uerba
865 2972 939 3036 fieri
972 2972 1014 3035 de
1045 2972 1120 3054 lege
1152 2992 1172 3035 a
1199 2971 1236 3034 T.
1259 2973 1418 3036 Menenio
1450 2976 1486 3037 et

313 3080 349 3143 P.
375 3079 486 3143 Sestio
517 3078 715 3142 consulibus
746 3100 775 3142 a.
801 3083 864 3141 452
896 3079 977 3155 lata,
1009 3100 1111 3161 quam
1135 3079 1277 3143 Verrius
1307 3101 1377 3142 uua
1407 3100 1485 3143 cum

312 3188 388 3270 lege
412 3207 432 3250 a
456 3185 512 3270 Sp.
530 3186 674 3270 Tarpeio
699 3189 734 3250 et
758 3187 798 3248 A.
818 3185 963 3250 Aternio
994 3184 1192 3267 consulibus
1223 3208 1252 3249 a.
1271 3190 1334 3248 454
1366 3190 1485 3250 sancta

311 3297 564 3359 commemorat.
604 3296 641 3357 at
664 3293 720 3356 vix
744 3293 838 3356 credi
861 3296 977 3376 potest
1001 3292 1238 3375 grauissimam
1263 3295 1353 3356 hanc
1373 3293 1484 3376 legem

311 3423 331 3464 a
347 3401 500 3465 Varrone
523 3405 653 3464 temere
677 3401 834 3464 omissam
857 3419 928 3463 esse
944 3400 1084 3482 verique
1101 3399 1246 3462 similius
1263 3403 1315 3463 est
1332 3399 1483 3464 Gellium

311 3508 365 3572 vel
382 3510 568 3582 auctorem,
593 3526 694 3589 quem
712 3505 846 3570 Gellius
862 3506 1038 3590 expileuit,
1065 3508 1155 3569 hanc
1171 3506 1281 3589 legem
1299 3506 1484 3572 aVarrone

312 3617 611 3679 commemoratam
628 3617 849 3697 aspernatum
867 3633 950 3676 esse.
968 3647 1010 3655 —
1027 3613 1130 3677 aliam
1148 3615 1268 3676 harum
1287 3613 1403 3697 legum
1420 3633 1485 3678 me·

311 3723 453 3786 moriam
474 3721 627 3805 prodidit
649 3719 778 3796 Cicero,
803 3722 889 3784 haec
909 3720 1060 3784 scribens
1080 3715 1274 3800 (detepuit.
1294 3723 1323 3796 2,
1339 3717 1392 3800 60)
1411 3725 1485 3783 Gra·

311 3838 440 3910 tamque
470 3835 566 3892 etiam
597 3834 684 3890 illam
711 3833 813 3906 legem
838 3875 845 3890 .
872 3876 878 3890 .
905 3876 911 3890 .
945 3833 983 3889 de
1015 3833 1115 3890 multa
1145 3835 1177 3890 et
1208 3837 1404 3890 sacramento
1432 3832 1484 3907 Sp,

311 3941 461 4016 Tarpeius
488 3945 520 3998 et
543 3942 580 3998 A.
598 3941 747 3998 Aternius
779 3941 923 3997 consules
955 3940 1089 3997 comitiis
1119 3939 1302 3996 centuriatis
1333 3939 1483 3997 tulerunt.

310 4049 402 4105 annis
426 4050 536 4122 postea
558 4048 618 4105 XX
648 4065 686 4104 ex
717 4064 763 4116 eo,
795 4048 879 4122 quod
902 4047 936 4104 L.
953 4046 1096 4121 Papirius
1120 4046 1155 4102 P.
1172 4046 1315 4103 Pinarius
1340 4062 1484 4104 censores

419 4235 439 4303 ¹)
459 4233 500 4289 Ol.
514 4233 627 4288 Verrius
646 4235 675 4286 in
693 4233 784 4303 priore
803 4237 881 4302 parte
901 4232 932 4286 Μ
951 4233 1060 4286 litterae
1077 4237 1113 4302 (p.
1135 4235 1195 4299 142,
1208 4233 1271 4302 21):
1289 4233 1404 4284 Multam
1424 4232 1485 4283 Osce

309 4326 364 4376 dict
376 4329 476 4391 putant
492 4339 605 4391 poenam
623 4325 735 4390 peridem.
773 4323 811 4377 M.
829 4324 919 4376 Varro
944 4324 983 4374 ait
1004 4338 1118 4390 poenam
1144 4323 1267 4387 11111111
1288 4322 1485 4388 pecuniariam,

309 4415 340 4466 de
358 4430 412 4479 quo
430 4414 565 4465 subtiliter
583 4416 612 4464 in
631 4413 699 4465 libro
718 4413 742 4467 Ι.
762 4413 949 4475 Quaestionum
968 4413 1042 4478 epist.
1062 4412 1155 4476 refert.

418 4501 438 4570 ²)
465 4500 519 4554 Hic
544 4518 673 4554 numerus
699 4501 803 4570 optime
821 4499 937 4553 traditus
956 4504 1010 4567 est3
1039 4500 1074 4556 cf.
1095 4499 1243 4553 editionem
1263 4497 1384 4566 Onionsi,
1403 4516 1484 4568 quam

310 4590 338 4642 in
357 4589 541 4643 exscribendis
560 4588 633 4641 Noni
652 4589 743 4643 uerbis
762 4593 870 4642 secutus
888 4606 955 4644 sum.
