3670 5476
858 421 1018 513 „38-

348 656 377 711 p.
399 637 471 704 123,
488 637 502 693 1
526 637 709 694 Minerua
725 639 818 706 dicta,
836 639 920 713 quod
936 639 1016 696 bene
1033 643 1169 696 moneat.
1206 640 1288 696 hauc
1304 640 1389 696 enim
1401 641 1520 714 pagani

393 761 448 817 pro
472 744 626 818 sapientia
649 744 822 818 ponebant;
855 744 1038 803 Cornificius
1063 763 1147 814 uero,
1180 747 1263 821 quod
1294 747 1432 820 fingatur
1455 747 1520 820 pin·

393 854 547 924 gaturque
571 851 722 908 minitans
746 852 851 920 armis,
877 853 1011 910 eandem
1035 853 1152 910 dietam
1176 856 1277 928 putat.

349 977 379 1032 p.
400 957 472 1025 182,
487 958 528 1014 30
553 956 678 1014 Oreos
703 958 793 1017 Liber
817 962 906 1033 pater
930 963 962 1016 et
978 959 1117 1017 Oreades
1133 960 1293 1034 nymphae
1312 959 1519 1034 appellantur,

394 1065 478 1139 qued
500 1065 534 1121 in
557 1066 718 1123 montibus
742 1066 922 1141 frequenter
945 1071 1108 1142 apparent.

350 1191 379 1246 p.
401 1171 529 1240 185,18
554 1171 794 1230 Orestiades
818 1175 978 1250 nymphae
1001 1175 1159 1231 montium
1183 1175 1337 1231 cultrices.

350 1298 379 1353 p.
399 1279 473 1347 212,
487 1279 506 1334 8
531 1279 753 1353 Pegasides
779 1281 887 1337 Musae
904 1281 1006 1338 dictae
1022 1284 1098 1338 sunt
1114 1281 1246 1348 alonte,
1272 1290 1366 1355 quem
1382 1280 1521 1354 Pegasus

394 1387 459 1444 ictu
482 1387 619 1461 ungulae
642 1386 771 1461 fingitur
794 1388 963 1463 aperuisse.
1011 1388 1050 1444 ob
1074 1405 1169 1462 quam
1197 1405 1325 1445 causam
1350 1391 1383 1444 et
1405 1386 1522 1444 Graece

394 1493 569 1568 appellatae
593 1497 670 1550 sunt
691 1489 893 1571 ἱπποκρῆναι.

351 1619 380 1674 p.
399 1600 529 1668 212,10
560 1600 833 1674 Pimpleiades
865 1602 975 1658 Musae
1009 1619 1027 1658 a
1058 1601 1146 1659 fonte
1177 1601 1380 1658 Macedoniae
1419 1601 1521 1657 diotae

395 1710 521 1781 propter
543 1707 671 1782 liquoris
695 1708 762 1763 eius
786 1709 912 1765 unicam
937 1708 1155 1765 subtilitatem.

350 1833 380 1888 p.
400 1813 506 1882 214‚5
531 1813 715 1871 Pierides
739 1815 849 1871 Musae
873 1818 999 1890 propter
1018 1816 1244 1872 amoenitatam
1264 1831 1300 1872 ac
1319 1793 1521 1871 solitudinem

395 1922 486 1979 Pierii
516 1922 633 1978 montis
664 1922 766 1978 diotae
795 1922 953 1990 videntur,
984 1939 1045 1997 quo
1076 1939 1130 1979 eae
1159 1915 1242 1993 (esse
1272 1915 1365 1992 codd.)
1395 1921 1521 1978 secretis

396 2030 471 2086 locis
495 2031 621 2104 propter
645 2029 750 2085 studia
773 2028 913 2085 liberalia
936 2029 1140 2087 delectentur.

353 2157 382 2212 p.
402 2137 475 2204 220,
492 2136 531 2193 10
555 2135 694 2192 Pallas
718 2136 860 2192 Minerua
879 2139 928 2192 est
949 2137 1042 2204 dicta,
1068 2137 1152 2211 quod
1167 2137 1344 2193 Pallantem
1361 2137 1522 2210 gigantem

396 2242 603 2311 interfecerit,
635 2242 700 2310 uel,
736 2243 818 2299 sicut
851 2243 1022 2318 putabant,
1057 2243 1141 2317 quod
1171 2243 1204 2298 in
1234 2242 1377 2300 Pallante
1408 2242 1523 2316 palude

397 2354 473 2408 nata
496 2353 553 2407 est.

353 2478 382 2533 p.
402 2457 509 2526 adas
539 2457 698 2514 Paeana
729 2449 845 2526 (Paean
876 2449 969 2526 codd.)
999 2456 1176 2531 Apollinem
1206 2460 1411 2525 uocauerunt,
1439 2457 1523 2531 quod

398 2566 586 2639 sagittarum
609 2565 675 2621 ictu
698 2581 771 2620 eum
795 2581 905 2621 nocere
929 2563 1100 2639 putabant:
1126 2567 1175 2620 est
1199 2564 1283 2620 enim
1303 2559 1403 2620 παίειν
1421 2563 1522 2620 ferire.

397 2672 449 2729 alii
472 2672 556 2746 quod
580 2671 757 2728 remedians
780 2671 897 2727 morbis
920 2671 1016 2726 finem
1039 2670 1158 2727 faceret
1180 2671 1252 2727 talis
1276 2671 1451 2744 grauitatis.

353 2799 383 2854 p.
402 2778 476 2847 356,
491 2781 508 2835 6
533 2777 802 2851 Thymbreum
825 2777 1003 2851 Apollinem
1015 2777 1171 2851 Vergilius
1188 2780 1329 2833 amunte
1345 2777 1524 2851 'Ebymbreo

398 2886 569 2960 appellauit
586 2891 613 2949 <
622 2903 713 2958 peorp.
729 2885 758 2953 4,
771 2886 849 2957 323;
871 2883 942 2942 Aen.
958 2886 987 2954 3,
999 2885 1040 2942 85
1051 2891 1090 2953 >‚
1111 2886 1164 2959 qui
1180 2885 1277 2941 estin
1293 2902 1368 2958 agro
1379 2885 1523 2942 Troianc.

354 3013 383 3068 p.
403 2992 510 3060 stac
530 2991 583 3049 Ta.
608 2992 851 3066 Terpsicore
875 3009 991 3049 nomen
1015 2993 1135 3061 Musae,
1167 3009 1247 3067 quae
1271 2992 1346 3048 deos
1370 2992 1524 3048 homines·

399 3117 458 3175 que
482 3099 626 3179 delectat.

354 3226 384 3282 p.
403 3208 477 3275 367,
492 3206 510 3262 9
534 3206 714 3280 Tritogenia
730 3206 872 3262 Minerua
889 3223 908 3262 a
927 3207 994 3280 ripa
1009 3206 1146 3263 Tritonis
1165 3206 1305 3262 fluminis
1322 3206 1416 3274 dicta,
1441 3205 1524 3280 quod

399 3314 442 3371 ibi
465 3313 610 3388 primitus
635 3313 676 3368 sit
699 3313 792 3368 uisa·

462 3414 612 3478 Deorum
638 3414 847 3495 dearumque
871 3414 956 3478 haec
983 3414 1124 3478 nomina
1147 3417 1208 3477 aut
1233 3413 1437 3496 cognomina
1460 3433 1526 3476 ma·

355 3523 481 3585 nimam
513 3524 646 3603 partem
677 3521 728 3582 ita
756 3521 904 3584 enodata
932 3523 1022 3598 sunt,
1055 3524 1095 3584 ut
1122 3522 1158 3583 in
1186 3521 1371 3584 stoicorum
1400 3519 1527 3584 scholis

356 3629 430 3693 fieri
449 3627 592 3691 solebat.
633 3630 736 3709 atque
753 3627 795 3690 de
812 3627 865 3690 his
885 3626 1101 3710 etymologiis
1114 3627 1272 3692 Verrium
1289 3628 1408 3691 eodem
1426 3627 1527 3689 modo

356 3736 538 3819 obiurgare
568 3755 753 3818 possemus,
786 3755 853 3818 quo
884 3735 975 3818 apud
1003 3733 1203 3798 Ciceronem
1234 3733 1338 3798 Cotta
1367 3733 1526 3808 Balbum,

356 3843 540 3906 stoicorum
561 3841 735 3919 asseclam,
756 3842 888 3907 dicens:
914 3843 957 3905 In
977 3841 1166 3906 enodandis
1186 3844 1301 3904 autem
1320 3841 1526 3917 nominibus,

357 3950 448 4033 quod
472 3949 703 4012 miserandum
728 3949 782 4024 sit,
807 3949 971 4013 laboratis
995 3945 1072 4030 (not.
1092 3948 1176 4010 deor.
1195 3953 1224 4024 3,
1240 3942 1302 4028 62).
1349 3947 1528 4010 nominum

358 4055 613 4140 explicationes,
638 4074 723 4136 quas
736 4053 875 4118 Verrius
895 4056 1059 4138 congerit,
1085 4073 1202 4118 omnes
1218 4054 1254 4116 in
1271 4053 1382 4137 priore
1399 4053 1528 4116 littera-

357 4186 433 4227 rum
457 4182 594 4226 suarum
622 4163 721 4244 parte
752 4161 925 4244 leguntur,
956 4163 1046 4244 quod
1077 4162 1146 4224 iam
1177 4161 1304 4237 monui,
1336 4160 1387 4223 ita
1417 4163 1457 4223 ut
1488 4180 1529 4223 ex

357 4272 477 4335 eodem
501 4270 599 4332 fonte
622 4268 822 4351 profluxisse
841 4268 1037 4331 uideantur.
1077 4269 1199 4330 harum
1224 4267 1415 4349 glossarum
1437 4287 1529 4350 repe-

357 4377 469 4440 riendi
486 4379 660 4439 auctorem
678 4394 796 4437 ansam
812 4374 955 4457 praebet
971 4374 1154 4457 explicatio
1171 4398 1201 4454 p.
1214 4379 1310 4448 123st
1331 4367 1528 4446 Minerua,

358 4505 425 4566 qua
450 4482 611 4546 Cornifici
634 4481 807 4546 sententia
830 4481 991 4544 refertur.
1031 4483 1134 4563 atque
1159 4481 1284 4544 scimus
1309 4479 1529 4544 Cornificium

358 4590 529 4672 quendam
554 4588 659 4652 libros
684 4589 725 4651 de
750 4587 872 4670 etymis
898 4588 1038 4651 deorum
1063 4587 1313 4670 conscripsisse,
1342 4587 1378 4648 in
1406 4586 1530 4669 quibus
