3670 5476
937 458 979 516 34

927 669 987 732 III

516 778 571 835 DE
595 777 700 838 ALIIS
725 779 851 841 IlBRlS
875 781 905 839 A
928 781 1090 842 VERRlO
1115 779 1398 842 CONSCRIPTlS

475 902 522 965 Vt
547 925 588 967 ex
611 925 680 968 uno
704 903 818 968 Gellio
844 911 1057 990 compertum
1082 906 1249 970 habemus
1273 928 1374 989 quem
1399 906 1543 969 titulum
1610 949 1612 956 ·

368 1009 508 1073 Verrius
533 1010 667 1093 ingenti
691 1033 752 1075 suo
777 1013 870 1096 operi
899 1013 1075 1090 indiderit,
1107 1015 1158 1076 ita
1185 1014 1297 1078 eidem
1325 1012 1544 1096 antiquitatis

368 1117 613 1200 inuestigatori
644 1118 788 1182 aliorum
821 1141 955 1203 quoque
986 1121 1152 1184 librorum
1184 1143 1205 1182 a
1221 1120 1342 1185 Verrio
1373 1121 1544 1184 editorum

368 1224 545 1288 notionem
570 1225 743 1289 debemus.
785 1248 930 1309 quorum
945 1228 1111 1292 librorum
1130 1228 1225 1291 notio
1243 1248 1282 1292 eo
1299 1228 1429 1310 gratior
1443 1227 1544 1290 nobis

369 1333 429 1408 est,
461 1332 554 1414 quod
585 1333 821 1414 quaestionem
853 1335 894 1398 16
926 1336 1061 1398 ratione
1093 1338 1219 1411 mouet,
1251 1356 1338 1417 quae
1367 1335 1459 1399 inter
1482 1336 1544 1397 hos

369 1438 474 1503 libros
499 1442 534 1502 61
558 1440 600 1503 16
620 1440 818 1522 significatu
836 1443 1020 1506 uerborum
1038 1442 1144 1506 libros
1160 1441 1404 1506 intercesserit.
1440 1445 1545 1524 atque

368 1547 436 1609 iam
460 1546 651 1610 Muellerus
682 1550 898 1632 comparauit
930 1549 1043 1613 locum
1073 1550 1254 1632 quendam,
1284 1571 1384 1632 quem
1410 1547 1545 1613 Gellius

370 1652 504 1717 eVerri
527 1655 568 1717 de
593 1655 747 1718 obscuris
772 1655 912 1719 Catonis
943 1656 1040 1720 libris
1065 1657 1248 1720 memoriae
1273 1655 1434 1739 prodidit,
1468 1677 1546 1718 cum

370 1760 600 1844 explicatione
623 1761 715 1826 inter
740 1761 870 1845 glossas
889 1763 1096 1827 Catonianae
1121 1763 1261 1828 aFesto
1286 1766 1433 1839 seruata,
1459 1783 1545 1845 quae

370 1868 490 1930 eadem
524 1889 586 1932 nos
617 1869 728 1933 docet.
776 1890 842 1951 quo
873 1870 1103 1934 fundamento
1133 1871 1233 1932 nixus
1257 1864 1546 1934 Reitzensteinius

370 1996 504 2038 summa
527 1975 785 2059 probabilitatis
810 1976 922 2060 specie
954 1977 1162 2040 monstrauit
1193 1998 1309 2041 omnes
1334 1977 1464 2059 glossas
1489 1976 1548 2040 Ga·

338 2139 344 2149 .
370 2083 539 2158 tonianas,
568 2083 715 2165 quaein
740 2083 852 2148 altera
875 2084 1015 2149 litterae
1039 2105 1120 2148 suae
1145 2087 1242 2168 parte
1273 2085 1406 2168 positae
1437 2087 1546 2159 erant,

371 2211 412 2253 ex
442 2189 537 2253 hisce
568 2188 664 2253 libris
697 2191 908 2254 redundasse
920 2185 952 2273 1).
1007 2193 1161 2254 attamen
1196 2192 1376 2255 adfirmare
1407 2191 1548 2255 minime

371 2296 453 2361 licet
469 2296 629 2360 Verrium
646 2298 792 2361 obscura
809 2297 951 2361 Catonis
968 2319 1007 2362 eo
1027 2300 1166 2360 tantum
1190 2298 1333 2362 consilio
1359 2298 1546 2382 collegisse,

371 2407 411 2467 ut
435 2408 553 2488 postea
578 2425 619 2468 ea
643 2405 759 2468 omnia
783 2406 819 2467 in
843 2426 922 2470 suos
947 2406 988 2469 de
1013 2406 1211 2488 significatu
1234 2406 1418 2469 uerborum
1443 2405 1548 2468 libros

370 2512 550 2595 reciperet.
598 2513 689 2595 quod
714 2513 743 2576 si
766 2513 899 2576 factum
931 2516 1030 2589 esset,
1062 2534 1131 2576 non
1163 2513 1231 2576 iam
1263 2534 1348 2596 opus
1373 2515 1447 2576 erat
1471 2515 1549 2596 post

375 2619 486 2682 editos
511 2620 553 2682 de
577 2619 774 2703 significatu
798 2621 981 2684 uerborum
1007 2620 1113 2683 libros
1137 2620 1220 2683 istos
1246 2621 1287 2683 de
1312 2620 1465 2683 obscuris
1490 2618 1549 2682 Ga·

371 2726 463 2788 tonis
487 2726 593 2790 libros
618 2727 722 2791 adire.
763 2728 825 2790 hos
849 2748 932 2791 uero
957 2727 1062 2790 libros
1086 2727 1183 2790 iuxta
1206 2727 1284 2790 illos
1305 2726 1340 2788 in
1357 2747 1422 2790 usu
1441 2726 1548 2789 fuisse

373 2834 474 2897 docet
491 2831 624 2898 Gellius
642 2829 706 2916 (17,
721 2839 750 2910 6,
765 2830 810 2916 2):
844 2835 1068 2914 Quaercbctur,
1089 2835 1212 2916 inquit,
1234 2853 1346 2897 seruus
1364 2830 1549 2913 receptionis

372 2938 450 3020 quid
478 2947 564 3004 essct.
612 2939 687 3004 libri
716 2941 822 3005 statim
851 2940 988 3022 quaesiti
1018 2940 1169 3021 allatique
1199 2946 1274 3004 sunt
1300 2938 1407 3003 Verrii
1431 2937 1549 3004 Flacci

373 3047 410 3110 dc
433 3045 574 3112 obscuris
595 3046 733 3112 Catonis.
774 3048 910 3112 Gellius
934 3051 1051 3112 autem
1074 3049 1147 3132 ipse
1164 3048 1264 3112 Verri
1284 3048 1325 3112 16
1347 3049 1434 3130 sign.
1451 3046 1546 3110 uerb.

373 3155 478 3218 libros
502 3156 661 3239 inspexit,
686 3157 722 3219 id
746 3157 838 3238 quod
863 3157 988 3219 docent
1008 3155 1123 3238 capita
1142 3155 1248 3218 XVII
1269 3157 1304 3218 et
1320 3154 1447 3216 XVIII
1467 3153 1547 3216 libri

373 3263 427 3325 sui
450 3262 573 3345 quinti,
598 3284 685 3346 quae
709 3266 788 3325 tota
804 3285 844 3326 ex
863 3263 958 3325 illius
978 3261 1067 3326 libro
1087 3264 1209 3344 quarto
1232 3262 1420 3345 exscripsit.
1454 3281 1548 3345 prae·

373 3373 469 3433 terea
482 3369 616 3434 Gellius
633 3370 700 3434 alio
717 3390 852 3453 quoque
863 3370 962 3433 Verri
979 3389 1082 3452 opere
1098 3389 1180 3432 usus
1194 3372 1246 3432 est
1261 3368 1297 3431 in
1311 3368 1547 3452 componendo

374 3479 487 3560 capite
500 3479 621 3561 quinto
637 3479 718 3542 libri
734 3478 858 3560 quarti,
877 3477 968 3560 quod
980 3497 1066 3560 opus
1082 3477 1287 3560 inscriptum
1304 3479 1378 3539 erat
1390 3475 1547 3538 Rerum

374 3585 565 3648 memoria
589 3585 801 3667 dignarum
826 3585 934 3648 libri.
975 3584 1098 3647 horum
1114 3583 1279 3647 librorum
1298 3582 1390 3665 apud
1408 3582 1549 3645 Festum

374 3692 589 3774 Paulumque
624 3692 722 3755 nulla
755 3692 875 3756 inueni
909 3691 1058 3774 uestigia
1093 3710 1203 3773 neque
1239 3690 1325 3752 mihi
1363 3688 1550 3752 uerisimile

374 3799 514 3864 uidetur
530 3799 687 3864 Verrium
712 3801 766 3863 his
789 3800 886 3863 libris
910 3799 946 3861 in
971 3798 1206 3881 componendo
1227 3817 1352 3879 magno
1369 3817 1430 3858 suo
1447 3815 1549 3879 opere

373 3928 473 3970 usum
505 3903 620 3988 esse‘2).
667 3909 704 3968 at
735 3907 836 3970 aliter
868 3927 887 3969 a
916 3906 1002 3968 uiris
1034 3904 1144 3969 doctis
1169 3905 1211 3967 de
1236 3903 1312 3966 aliis
1329 3903 1429 3966 Verri
1453 3901 1550 3965 libris

374 4015 565 4078 iudicatum
591 4017 652 4078 est.
692 4014 815 4075 horum
840 4013 992 4076 uirorum
1017 4010 1198 4076 sententiis
1218 4012 1258 4073 ut
1280 4031 1371 4073 nunc
1392 4010 1550 4072 insistam

375 4122 539 4205 grauibus
565 4119 755 4204 compellor
780 4120 900 4184 causis.

484 4297 509 4366 l)
528 4294 649 4348 Mueller
666 4297 754 4363 praef.
774 4313 799 4362 p.
814 4313 874 4352 xvi.
907 4291 1096 4346 Reitzenstein
1114 4309 1140 4358 p.
1154 4295 1197 4346 57.

484 4387 504 4454 2)
523 4383 676 4464 intercedit
694 4383 805 4451 quidem
825 4381 961 4451 quaedem
980 4380 1132 4434 similitudo
1152 4380 1285 4446 interea,
1306 4396 1376 4447 quae
1395 4378 1502 4432 Gellius
1521 4395 1556 4431 ex

376 4477 417 4529 his
430 4476 508 4528 libris
524 4474 648 4538 narrauit
661 4475 696 4544 (4,
710 4475 744 4540 5),
764 4477 793 4526 et
804 4473 931 4541 glossam,
951 4474 1076 4540 quaeest
1094 4489 1120 4538 p.
1133 4473 1240 4538 209,10
1260 4468 1389 4522 Pictor
1405 4467 1554 4535 Zeuxis,

376 4566 424 4620 sed
444 4582 476 4618 ea
494 4563 623 4634 cognatio
641 4563 773 4616 incertior
792 4565 833 4615 est
852 4579 934 4629 quam
954 4564 985 4613 111
1004 4559 1144 4612 adfirmari
1161 4559 1247 4627 possit
1265 4558 1300 4610 16
1317 4557 1439 4611 Zeuxide
1459 4556 1555 4610 eadem

377 4655 405 4708 in
424 4655 501 4709 libris
520 4671 611 4706 rerum
631 4652 764 4706 memorie
782 4650 928 4720 dignarum
950 4648 1079 4704 Verrium
1098 4647 1251 4704 tradidisse.
