3670 5476
867 425 884 483 7

284 661 314 716 p.
333 643 385 711 39,
404 642 422 699 3
459 640 599 699 Gocula
615 658 694 698 uasa
710 658 818 710 aenea,
835 641 1030 699 coctionibus
1046 643 1130 716 apta.
1156 641 1209 698 alii
1224 641 1333 700 cocula
1348 640 1460 700 dicunt

328 750 414 824 ligna
438 750 574 818 minuta,
598 749 712 824 quibus
736 749 828 806 facile
852 749 1068 824 decoquantur
1090 749 1220 806 obsonia
1229 743 1260 821 l).

283 876 314 931 p.
333 855 385 926 46,
406 858 445 913 17
470 855 615 932 Calpar
638 874 738 932 genus
762 857 848 913 uasis
871 856 986 913 fictilis.

283 983 313 1038 p.
333 964 385 1029 65,
405 964 443 1021 13
469 962 631 1021 CALPAR
654 964 765 1021 uinum
789 981 919 1033 nouum,
944 963 1029 1038 quod
1052 980 1090 1020 ex
1106 964 1189 1020 dolio
1207 964 1344 1021 demitur
1367 964 1458 1021 sacri·

328 1071 390 1128 ficii
419 1088 524 1140 causa,
556 1074 727 1146 antequam
757 1073 911 1144 gustetur.
958 1071 1026 1127 lovi
1054 1071 1139 1127 enim
1173 1071 1260 1146 prius
1295 1088 1352 1127 sua
1383 1071 1458 1128 uina

328 1178 479 1246 libabant,
505 1195 584 1253 quae
608 1178 811 1253 appellabant
832 1178 915 1234 festa
939 1177 1064 1234 Vinalia
1073 1173 1105 1250 2).

283 1304 313 1359 p.
332 1285 415 1354 47,1
465 1283 597 1353 Calix,
622 1285 707 1360 quod
729 1285 763 1341 in
786 1301 823 1342 eo
846 1284 984 1342 calidum
1009 1285 1125 1342 bibitur
1135 1279 1168 1357 Β).

284 1410 314 1466 p.
333 1390 418 1460 48,9
466 1390 586 1466 (lapis
609 1392 713 1466 poculi
736 1408 847 1466 genus,
873 1391 993 1448 dietum
1017 1407 1036 1447 a
1059 1392 1212 1467 capiendo
1222 1385 1255 1464 4).

284 1517 314 1574 p.
333 1499 441 1568 48,18
465 1497 765 1574 Caprunculum
789 1517 847 1556 uas
870 1499 975 1556 fictile.

286 1625 314 1681 p.
334 1605 417 1675 50,7
466 1605 677 1664 Cumarum
707 1624 765 1664 uas
794 1605 936 1680 nuptiale
966 1622 985 1661 a
1013 1584 1219 1664 similitudine
1247 1624 1455 1675 numerorum,

328 1730 408 1788 quae
440 1712 523 1770 fiunt
553 1714 696 1788 palmeae
728 1714 780 1770 uel
813 1717 956 1788 sparteae
988 1713 1030 1770 ad
1060 1731 1154 1770 usum
1186 1714 1379 1789 popularem,
1413 1713 1458 1771 sio

328 1820 531 1895 appellatum.

284 1946 314 2003 p.
333 1928 384 1997 63,
401 1927 438 1983 11
465 1925 672 1984 OVMERAM
694 1928 852 1985 uocabant
875 1928 997 2003 antiqui
1020 1945 1078 1985 uas
1094 1928 1254 2002 quoddam
1270 1928 1354 2003 quod
1374 1944 1459 2002 oper·

327 2037 398 2092 tum
429 2035 463 2090 in
496 2035 614 2110 nuptiis
647 2035 801 2104 ferebant,
835 2036 868 2091 in
901 2052 962 2110 quo
995 2037 1085 2092 erant
1117 2034 1265 2092 nubentis
1299 2034 1457 2103 utensilia,

328 2142 413 2216 quod
443 2145 476 2198 et
505 2142 666 2200 camillum
697 2117 845 2198 dicebant
855 2136 887 2213 ⁵),
919 2158 955 2198 eo
979 2142 1064 2216 quod
1094 2158 1253 2199 sacrorum
1277 2141 1459 2198 ministrum

329 2243 482 2325 κάσμιλον
505 2249 717 2324 appellabant.

285 2373 315 2431 p.
335 2354 418 2424 51,1
456 2354 700 2413 Outurnium
723 2373 791 2425 uas,
816 2373 878 2431 quo
897 2357 930 2412 in
947 2356 1104 2413 sacrificiis
1121 2357 1232 2412 uinum
1255 2355 1458 2414 fundebatur.

395 2649 414 2716 ¹)
436 2647 507 2703 Non.
525 2651 670 2717 p.531‚27
691 2647 808 2701 Varro
828 2647 869 2701 de
888 2647 965 2700 uita
984 2646 1016 2703 P.
1034 2646 1068 2702 R.
1089 2647 1148 2703 lib.
1162 2647 1193 2701 I:
1211 2649 1310 2714 ooeule,
1328 2649 1378 2715 qui
1393 2663 1460 2700 coee-

286 2739 348 2790 buut
362 2755 470 2808 penem,
487 2741 608 2807 primum
626 2738 675 2790 sub
693 2741 786 2806 uiuere,
802 2744 893 2805 postea
912 2740 942 2789 iu
960 2739 1048 2802 sorno,

393 2827 413 2895 ²)
434 2827 506 2883 Non.
525 2844 551 2895 p.
565 2829 653 2896 elul
674 2828 777 2894 Calpur
794 2830 900 2880 nomine
918 2829 1028 2894 antiquo
1047 2828 1157 2879 dolium.
1189 2825 1304 2880 Varro
1323 2826 1364 2879 de
1383 2825 1461 2879 uita

285 2915 316 2970 P.
335 2916 371 2973 R.
396 2916 456 2972 lib.
476 2915 506 2969 I:
534 2918 611 2984 quod,
635 2923 776 2984 autequam
795 2933 889 2969 uesieu
907 2917 974 2968 dolii
988 2916 1133 2984 prolatum,
1156 2932 1215 2967 cum
1233 2918 1312 2968 eiiam
1332 2916 1361 2968 id
1377 2933 1461 2982 qeuus

286 3023 414 3060 uasorum
432 3008 528 3072 culpae·
546 3007 684 3071 diceretur,
703 3008 733 3057 id
750 3009 845 3058 uiuum
863 3006 958 3074 culpor
975 3005 1148 3073 appellatum.

393 3094 415 3164 ³)
433 3094 524 3148 Varro
543 3095 559 3149 l.
580 3095 612 3149 L.
633 3098 659 3162 ὃ,
673 3098 724 3151 127
744 3095 830 3164 ‘Colice
848 3111 865 3146 e
883 3095 968 3160 caldo,
986 3095 1055 3162 quod
1074 3137 1079 3148 .
1101 3137 1106 3149 .
1128 3131 1134 3146 .
1153 3094 1257 3146 caldum
1282 3110 1310 3146 eo
1332 3094 1460 3151 uiuant.

397 3185 419 3252 ⁴)
438 3183 510 3236 Non.
528 3201 554 3252 p.
569 3187 630 3252 547,
645 3187 674 3240 11
696 3183 811 3238 Varro
831 3184 872 3237 de
890 3182 1011 3236 vitaP.
1023 3182 1057 3237 R.
1078 3182 1136 3238 lib.
1150 3182 1181 3237 I:
1200 3186 1351 3236 etiamnunc
1364 3185 1461 3250 poeula

286 3287 353 3341 puae
371 3281 468 3326 uocant
486 3275 598 3340 capulus
615 3281 640 3326 ei
657 3275 762 3341 cepides
781 3317 787 3329 .
808 3317 814 3329 .
835 3316 840 3329 .
868 3274 958 3329 Varro
978 3274 993 3328 l.
1013 3274 1045 3328 L.
1065 3275 1154 3341 5,121
1176 3273 1288 3340 Gepida
1305 3279 1328 3325 ei
1346 3274 1462 3325 minorue

286 3364 396 3430 aepulae
413 3379 431 3414 a
449 3364 582 3431 cupiendo.

393 3451 414 3521 ⁶)
441 3451 535 3506 Verba
565 3452 657 3520 quod
685 3455 720 3505 et
751 3451 936 3505 camillum
968 3450 1146 3504 dicebant
1175 3449 1326 3504 Merkelius
1356 3450 1461 3504 censuit

290 3540 399 3609 (Ouid.
425 3540 518 3596 Fast.
543 3559 569 3609 p.
590 3543 683 3612 xcvii)
710 3540 835 3594 aPaulo
861 3541 1026 3608 interpolata
1051 3557 1108 3593 esse
1134 3557 1167 3594 ex
1187 3539 1267 3595 Ouid.
1287 3543 1350 3606 fosi.
1369 3543 1395 3607 4,
1410 3543 1461 3596 779

287 3639 343 3684 tum
355 3632 418 3684 licei
435 3632 566 3698 adposite,
585 3633 669 3684 ueluti
686 3637 795 3697 uetere,
815 3631 924 3684 comella
943 3631 999 3682 Luc
1023 3632 1131 3682 niueum
1148 3636 1222 3699 potes
1242 3645 1462 3697 purpureamque

286 3737 388 3788 sapam.
425 3737 475 3789 pro
501 3736 578 3786 uooe,
604 3736 675 3788 quac
701 3723 741 3773 est
765 3722 885 3788 camella,
912 3719 1037 3772 nonnulli
1059 3718 1208 3772 deteriores
1227 3718 1334 3772 codices
1352 3718 1462 3770 camille

286 3809 412 3878 offerunt,
438 3827 519 3878 quarn
545 3809 691 3864 lectionem
710 3807 828 3862 Paulum
854 3825 962 3877 quoque
986 3811 1109 3861 seculum
1136 3824 1192 3861 esse
1211 3805 1362 3861 Merkelius
1389 3806 1462 3860 arbi·

286 3902 373 3951 tratus
399 3902 446 3954 est.
484 3901 511 3951 at
536 3898 639 3951 Paulus
667 3897 688 3950 si
714 3896 787 3966 apud
810 3897 941 3951 Ouidium
969 3914 1066 3951 uocem
1091 3897 1200 3949 camille
1224 3896 1334 3966 legebat
1359 3912 1409 3949 eur
1433 3895 1461 3948 in

287 3985 361 4040 Festi
381 3987 465 4040 libros
485 4005 500 4040 a
519 4005 548 4040 se
566 3987 686 4041 minutos
704 3987 798 4040 intulit
817 3986 935 4039 formam
957 3986 1108 4039 inauditam
1127 3986 1284 4038 camillum?
1319 3988 1462 4054 practerea

287 4093 366 4129 ame
385 4076 534 4145 impetrare
559 4094 615 4130 non
633 4093 746 4146 possum
764 4079 795 4128 ut
822 4075 931 4129 credam
950 4074 1031 4128 Pauli
1049 4079 1170 4128 mentem
1189 4074 1257 4127 adeo
1276 4073 1413 4142 delirasse,
1432 4076 1464 4125 ut

286 4165 373 4217 sinum
393 4164 480 4232 lactis,
497 4182 579 4233 quam
597 4165 823 4236 significationem
836 4165 1001 4218 vocabulum
1015 4166 1126 4218 comella
1139 4164 1212 4232 apud
1225 4162 1356 4218 Ouidium
1370 4163 1462 4229 habet,

286 4271 334 4307 suo
354 4253 445 4308 Marte
464 4254 526 4307 uoci
546 4272 672 4309 eumerus
692 4254 889 4324 aequiperaret.
927 4254 1007 4306 aliter
1025 4270 1068 4307 res
1090 4270 1118 4305 sc
1136 4253 1259 4321 haberet,
1279 4251 1301 4305 si
1320 4251 1379 4321 quis
1398 4269 1462 4305 oon·

285 4343 395 4398 firmare
414 4347 505 4413 posset
524 4345 642 4413 antiquis
660 4343 830 4413 temporibus
848 4341 965 4396 rusticos
978 4341 1117 4396 Romanos
1136 4360 1187 4410 pro
1201 4359 1311 4396 cumera
1330 4357 1392 4394 usos
1405 4357 1462 4395 esse

286 4435 401 4488 camella
425 4434 495 4488 siout
519 4451 569 4503 pro
595 4439 708 4489 cratere.
746 4451 799 4502 quo
826 4431 900 4486 facto
926 4448 982 4484 non
1008 4430 1157 4484 dubitarim
1185 4431 1258 4499 apud
1276 4430 1393 4484 Paulum
1412 4447 1463 4499 pro

285 4525 420 4577 camillum
444 4524 563 4578 scribere
587 4525 731 4578 rumellum.
757 4555 790 4562 —
813 4522 849 4576 de
875 4521 928 4575 alia
953 4521 1033 4574 huius
1056 4520 1139 4573 simili
1163 4519 1283 4574 Merkeli
1308 4519 1463 4589 suspicione

287 4612 461 4667 of.Winther
479 4616 510 4667 de
528 4617 609 4680 festia
625 4614 719 4666 Verrii
735 4614 827 4666 Flacci
843 4619 875 4669 ab
896 4613 991 4666 Ouidio
1010 4611 1139 4664 adhibitis
1159 4613 1281 4679 p.45,1.
