3670 5476
964 460 983 517 4

428 689 559 747 auidum
575 691 608 747 et
619 689 816 759 auiditatem,
829 707 868 747 ex
880 691 945 765 qui·
1045 692 1145 746 tatem
1153 688 1340 764 appellatur,
1349 689 1431 746 siout
1440 705 1561 758 amens,

427 797 487 854 bus
517 797 685 872 praecipua
715 797 871 872 cupiditas
901 798 945 853 in·
1045 797 1099 872 qui
1111 799 1251 854 mentem
1268 813 1359 853 suam
1375 812 1439 853 non
1454 795 1560 854 habet.

427 904 596 979 tellegitur,
624 921 697 961 cum
728 903 884 979 significet
914 907 947 961 et
1029 889 1032 896 ’

428 1011 575 1086 gaudere.

383 1137 413 1192 p.
434 1118 485 1187 19,
505 1118 544 1175 10
576 1118 707 1193 Argea
733 1118 802 1176 loca
829 1118 946 1176 Romae
1001 1135 1031 1192 p.
1050 1115 1154 1186 334‚7
1180 1116 1479 1191 Sexagenarios
1499 1158 1506 1174 .
1526 1161 1559 1176 ..

428 1225 637 1300 appellantur,
661 1225 746 1300 quod
772 1225 804 1282 in
828 1225 878 1282 his
902 1243 946 1284 se·
1044 1224 1182 1280 latebras
1210 1227 1317 1281 autem
1348 1241 1416 1294 eos,
1447 1225 1561 1300 quibus

363 1383 370 1394 ,
428 1331 508 1406 pulti
536 1334 643 1388 essent
665 1331 794 1406 quidam
817 1333 946 1408 Argiuo·
1045 1331 1178 1388 arcuerit
1201 1348 1319 1400 senem,
1344 1332 1377 1388 id
1401 1335 1450 1389 est
1480 1331 1561 1390 cohi-

428 1456 499 1496 rum
521 1438 659 1496 illustres
682 1438 750 1497 uiri.
1044 1438 1157 1507 buerit,
1175 1441 1207 1495 et
1219 1439 1376 1508 celaverit,
1392 1440 1561 1497 sanctitate

1044 1544 1156 1620 dignas
1194 1563 1263 1604 esse
1305 1545 1390 1603 uisas
1428 1546 1561 1622 ideoque

1042 1669 1153 1710 arcaea
1175 1653 1342 1728 appellata.
1485 1653 1488 1658 '

384 1754 467 1838 quin
492 1755 614 1819 Festus
645 1774 780 1837 quoquc
811 1755 900 1818 hanc
926 1753 1024 1818 Verri
1054 1754 1324 1817 inconstantiam
1355 1774 1456 1839 saepe
1489 1764 1560 1837 per·

384 1862 523 1925 strinxit
534 1856 566 1944 1).
604 1864 707 1944 atque
725 1881 765 1925 ea
789 1860 999 1944 etymologia
1022 1860 1134 1924 bellum
1158 1881 1179 1923 o
1203 1858 1302 1923 beluis
1324 1860 1466 1925 minime
1490 1881 1562 1945 pes·

384 1968 471 2032 sima
501 1972 553 2033 est
585 1988 712 2045 earum,
743 1988 827 2050 quas
850 1966 950 2031 Verri
979 1967 1158 2051 ingenium
1190 1966 1326 2052 peperit
1349 1987 1561 2051 quarumque

384 2075 570 2139 nonnullas
594 2073 824 2139 Woelfflinus‘
847 2074 921 2158 ipse
951 2074 1123 2156 congessit
1147 2070 1190 2158 (p.
1216 2071 1302 2154 440).
1349 2077 1502 2139 ceterum
1533 2074 1560 2138 si

384 2182 582 2266 posterioris
599 2181 725 2246 aetatis
741 2182 987 2264 grammaticus
1012 2180 1095 2244 belli
1111 2181 1321 2245 uocabulum
1346 2182 1559 2266 explicasset,

385 2291 477 2353 certe
501 2291 737 2373 portentosum
762 2287 851 2350 illud
875 2286 996 2366 bellum,
1021 2287 1104 2368 quod
1125 2307 1176 2351 res
1200 2287 1280 2352 bello
1307 2308 1372 2351 ιισιι
1395 2286 1437 2351 sil
1459 2289 1560 2373 scrip-

384 2395 484 2461 sisset
508 2390 564 2478 (οἱ.
578 2395 801 2460 Woelfflinus
825 2395 844 2457 l.
862 2394 882 2456 l.
907 2416 940 2477 p.
958 2388 1045 2477 435).

491 2502 644 2586 Longius
675 2503 760 2566 haec
791 2501 941 2584 exposui,
966 2506 1007 2564 ut
1037 2505 1156 2585 pateat
1183 2502 1437 2586 inquirentibus
1460 2502 1560 2566 nobis
1584 2562 1587 2568 .

384 2611 422 2673 in
446 2610 541 2674 Festi
564 2609 732 2692 Paulique
761 2609 867 2672 libros
898 2629 976 2672 cum
1001 2608 1121 2672 Verrio
1151 2630 1220 2673 uno
1250 2631 1321 2673 rem
1353 2629 1426 2673 esse
1449 2629 1560 2692 neque

383 2718 446 2781 illa
468 2717 693 2801 respicienda,
718 2736 805 2798 quae
829 2737 850 2778 a
874 2715 1065 2778 duumuiris
1088 2716 1164 2779 istis
1188 2716 1316 2780 adficta
1327 2716 1427 2781 Verri
1450 2717 1557 2780 libros

384 2827 528 2908 turpent
551 2823 667 2908 potius
691 2844 794 2906 quam
818 2825 978 2906 augeant.
1015 2823 1103 2904 quod
1128 2843 1210 2888 uero
1235 2843 1345 2906 neque
1369 2823 1559 2906 glossarum

385 2931 540 2996 ordinem
564 2934 746 2994 mutarunt
769 2949 880 3012 neque
904 2950 1011 2994 nouas
1035 2931 1165 3014 glossas
1197 2931 1405 2995 addiderunt
1427 2931 1464 2994 id
1488 2949 1560 3013 gra-

385 3036 557 3101 tissimum
573 3038 672 3102 nobis
696 3038 865 3102 fecerunt.
904 3038 996 3120 quod
1020 3038 1048 3100 si
1072 3037 1236 3102 fecissent
1258 3058 1448 3121 numquam
1473 3056 1560 3120 quae

386 3145 428 3208 de
453 3145 696 3210 Verrianorum
732 3145 898 3209 librorum
932 3143 1050 3207 indole
1081 3164 1121 3207 ac
1150 3146 1278 3207 natura
1312 3144 1560 3228 temptabimus
1655 3180 1658 3187 ·

387 3255 490 3335 atque
522 3254 725 3329 statuemus,
753 3238 851 3316 'recto
887 3252 1051 3332 firmoque
1086 3249 1159 3314 talo
1190 3253 1281 3315 stare
1315 3253 1465 3334 possent.
1513 3253 1560 3313 at-

384 3363 502 3423 tamen
526 3359 633 3422 nimia
649 3359 837 3422 multarum
854 3357 1123 3441 explicationum
1147 3357 1309 3435 breuitas,
1335 3357 1460 3422 omissa
1476 3358 1560 3420 mul-

385 3469 499 3529 torum
512 3468 692 3528 auctorum
704 3464 912 3541 testimonia,
926 3463 1213 3527 alienissimarum
1227 3465 1292 3528 sibi
1304 3485 1417 3529 rerum
1430 3485 1559 3529 coacer-

385 3573 480 3636 uatio
503 3572 646 3656 ancipiti
672 3593 734 3635 nos
757 3591 858 3656 saepe
882 3571 1083 3654 opprimunt
1106 3592 1188 3635 cura
1212 3593 1402 3655 grauesque
1427 3572 1560 3636 dubita·
1676 3650 1682 3658 ·

384 3679 490 3742 tionis
521 3682 663 3743 mouent
695 3698 822 3755 causas,
852 3680 956 3761 atque
986 3677 1022 3739 in
1052 3678 1266 3760 adsignando
1296 3678 1426 3761 glossas
1458 3679 1560 3742 certis

386 3785 586 3850 auctoribus
610 3786 724 3849 animo
749 3805 911 3869 persaepe
936 3784 1141 3849 obuersatur
1164 3785 1310 3848 Hesiodi
1339 3784 1428 3847 illud

514 3894 626 3962 πίστεις
650 3893 709 3974 γάρ
732 3915 779 3954 τοι
802 3892 893 3973 ὁμῶς
916 3891 970 3954 καὶ
993 3893 1126 3955 ἀπιστίαι
1150 3892 1272 3954 ὤλεσαν
1295 3891 1422 3972 ἄνδρας.

386 4119 406 4187 ²)
424 4117 464 4174 uf.
490 4137 517 4188 p.
537 4121 628 4187 309,5
657 4117 834 4170 Suburam
853 4117 968 4172 Verrius
993 4118 1047 4172 alio
1066 4118 1137 4173 libro
1156 4134 1262 4188 apage
1282 4116 1438 4171 Succusano
1458 4117 1558 4171 dictam

493 4207 545 4273 ait,
571 4207 624 4258 hoc
649 4223 715 4259 uero
741 4206 861 4260 maxime
886 4208 985 4276 probat
1005 4223 1100 4260 eorum
1120 4207 1318 4275 auctoritatem,
1337 4206 1383 4275 qui
1403 4206 1480 4259 aiunt
1500 4249 1506 4261 .
1526 4249 1559 4262 ..

384 4316 411 4366 p.
431 4297 492 4364 329,
504 4300 541 4351 23
568 4294 756 4364 Spondere
776 4295 889 4350 Verrius
913 4300 992 4364 putat
1020 4297 1133 4364 dictum,
1159 4296 1233 4364 quod
1257 4300 1356 4364 sponte
1380 4312 1436 4357 sua,
1463 4295 1492 4347 id
1519 4299 1561 4348 est

495 4385 646 4452 uoluntate,
664 4385 851 4454 promittatur.
888 4385 987 4439 deinde
1005 4385 1107 4440 oblitus
1128 4384 1257 4438 inferiore
1276 4385 1366 4454 capite
1385 4402 1515 4454 sponsum
1534 4388 1563 4438 et

492 4490 619 4542 sponsam
638 4490 672 4528 ex
691 4473 797 4529 Graeco
817 4475 920 4529 dictam
939 4475 978 4528 ait
998 4518 1003 4530 .
1025 4517 1056 4530 ..
1281 4523 1283 4528 .
1324 4534 1325 4538 ,

385 4580 411 4631 p.
430 4566 493 4630 326,
506 4567 541 4619 30
569 4604 575 4618 .
596 4605 603 4618 .
623 4606 629 4618 .
650 4580 732 4632 quam
751 4563 962 4616 inconstantiam
973 4563 1065 4619 Verrii
1084 4562 1171 4616 nostri
1189 4580 1244 4616 non
1264 4563 1320 4617 sine
1338 4564 1439 4618 rubore
1457 4563 1559 4618 rettuli.

495 4651 611 4706 candem
626 4651 837 4706 inconstantiam
851 4651 1014 4708 inVarrone
1026 4651 1221 4720 deprendimus
1234 4651 1379 4722 (Ritscheli
1396 4669 1436 4721 cp.
1450 4657 1476 4719 3,
1486 4653 1559 4722 374).
