3670 5476
939 409 977 466 16

369 631 570 698 Veranius,
606 630 729 697 armati,
761 629 872 686 ornati.
920 629 1026 685 omnia
1056 629 1141 685 enim
1176 627 1323 684 militaria
1358 621 1544 684 ornamenta

369 739 595 813 paludamenta
625 737 695 794 dici.
721 765 764 772 -
788 730 878 794 inter
902 728 987 792 alias
1012 728 1139 792 multas
1164 730 1206 793 de
1231 728 1383 811 auguriis
1411 727 1541 811 glossis,

370 861 457 922 quae
487 838 522 901 in
555 838 725 922 prioribus
756 837 951 900 litterarum
983 857 1120 899 suarum
1152 835 1310 919 partibus
1345 838 1437 910 sunt,
1473 837 1543 898 tres

372 949 509 1009 tantum
534 945 771 1021 inueniuntur,
803 965 891 1027 qnae
922 942 1072 1007 auctoris
1103 964 1229 1007 nomen
1253 962 1334 1026 prae
1359 943 1543 1007 scierant.

369 1054 441 1131 has,
474 1052 636 1136 quoniam
666 1053 703 1114 in
734 1052 799 1114 hac
822 1072 859 1115 re
890 1050 1030 1114 maximi
1061 1049 1226 1114 momenti
1258 1052 1349 1127 sunt,
1386 1049 1544 1114 omnibus

372 1159 486 1224 uerbis
509 1162 665 1243 repetam
688 1160 825 1242 oportet

369 1311 399 1366 p.
420 1291 524 1359 197,8
555 1288 717 1347 Oscines
750 1307 825 1346 aues
856 1290 915 1364 Ap.
945 1287 1095 1346 Claudius
1126 1281 1331 1358 (Claudianus
1367 1281 1545 1360 upopraplro)

415 1415 484 1454 esse
518 1398 572 1466 ait,
609 1415 689 1471 quae
723 1413 774 1453 ore
807 1392 959 1452 canentes
990 1395 1109 1453 faciant
1139 1395 1325 1469 auspicium,
1358 1398 1394 1452 ut
1423 1411 1543 1463 coruos,

352 1527 354 1531 ’
415 1505 531 1573 cornix,
564 1507 696 1572 noctua3
730 1504 821 1560 alites
853 1497 921 1574 (aut
944 1496 1133 1576 apoprapha),
1165 1520 1244 1576 quae
1275 1503 1332 1559 alis
1362 1519 1398 1558 ac
1425 1502 1543 1570 uolatu,

415 1614 452 1669 ut
485 1611 595 1678 bute0,
631 1610 806 1685 sanqualis,
842 1609 958 1685 aquila,
995 1609 1206 1678 immissulus,
1242 1609 1417 1677 uulturius3
1457 1610 1544 1683 picus

255 1767 257 1777 ,
371 1715 374 1720 ’
416 1721 522 1775 autem
553 1710 722 1787 (Muellerus
744 1717 848 1791 picam
876 1719 932 1772 aut
962 1709 1141 1789 apoprupha)
1171 1716 1303 1773 Martius
1333 1716 1545 1790 Feroniusque

416 1828 449 1882 et
471 1842 563 1901 parra
586 1827 618 1881 et
640 1826 672 1880 in
697 1824 855 1881 oscinibus
879 1827 911 1880 et
934 1824 967 1879 in
990 1823 1117 1880 alitibus
1141 1824 1307 1881 habentur.

309 1973 311 1978 .
372 1951 401 2006 p.
420 1931 494 2001 297,
511 1933 550 1988 19
583 1923 781 2004 [Sorriluium
811 1923 996 2006 tripaldium,
1028 1935 1059 1988 ui
1082 1929 1125 1988 ait
1147 1923 1270 2004 Appius}
1295 1931 1437 1997 Pulcher,
1462 1930 1545 2005 quod

418 2031 507 2111 [sonet
530 2055 592 2096 rum
610 2037 693 2110 pullo
716 2030 838 2111 eccildit
861 2039 932 2112 puls
955 2031 1038 2112 (plus
1062 2031 1137 2110 cod.)
1160 2030 1392 2112 quadrlupediue
1415 2081 1421 2094 .
1449 2081 1455 2094 .
1483 2080 1488 2094 .

371 2164 401 2220 p.
421 2145 495 2214 298,
510 2147 550 2202 26
582 2144 834 2203 sollistimum
864 2146 922 2220 Ap.
948 2145 1081 2203 Pulcher
1111 2145 1143 2202 in
1174 2146 1333 2220 auguralis
1364 2145 1546 2233 disciplinae

417 2253 495 2310 libro
519 2253 620 2327 primo
643 2253 688 2310 ait
711 2269 781 2309 esse
804 2253 988 2327 tripudium,
1013 2245 1131 2328 qu0d1)
1160 2253 1213 2309 aui
1242 2246 1310 2324 (aut
1332 2247 1405 2324 cod.)
1432 2252 1547 2309 excidit

417 2377 455 2417 ex
479 2377 530 2417 ore
553 2352 602 2430 (eo
626 2352 708 2431 eod),
740 2361 824 2434 quod
852 2361 905 2416 illa
935 2360 1007 2429 fert,
1039 2377 1192 2416 saxumue
1216 2360 1352 2416 solidum
1376 2362 1432 2416 aut
1455 2359 1546 2416 arbos

417 2467 573 2524 uiuiradix
603 2468 675 2536 ruit,
706 2485 786 2542 quac
819 2485 876 2524 nec
907 2485 981 2542 prae
1011 2468 1089 2524 uitio
1099 2463 1122 2539 ⁶²)
1144 2467 1325 2524 humanans
1349 2468 1381 2523 ui
1404 2460 1546 2537 (humani

417 2567 490 2646 cod.)
512 2575 725 2632 caedanturue
749 2565 943 2632 iacianturue
967 2576 1173 2649 pellanturue.

480 2675 595 2739 Prima
625 2676 739 2758 glossa
769 2677 923 2758 geminas
955 2675 1039 2739 alias
1071 2676 1189 2752 edidit,
1226 2695 1314 2758 quae
1348 2675 1401 2738 his
1431 2674 1546 2738 uerbis

374 2785 562 2866 conceptae
585 2786 683 2846 sunt:

375 2915 404 2970 p.
425 2896 535 2964 197,3
572 2894 764 2953 Oscinum
809 2895 983 2970 tripudium
1022 2899 1084 2963 est,
1120 2895 1204 2970 quod
1236 2896 1297 2952 oris
1328 2898 1424 2952 cantu
1454 2895 1546 2969 signi-

419 3003 492 3060 ficat
509 3002 584 3078 quid
603 3003 758 3076 portendi,
782 3020 855 3059 cum
872 3003 985 3060 cecinit
1008 3019 1131 3071 cernue,
1156 3003 1272 3072 cornix,
1298 3006 1423 3071 noctua,
1445 3020 1545 3077 parra,

418 3110 516 3184 picus

374 3237 403 3292 p.
423 3219 452 3286 3,
468 3217 485 3275 5
510 3217 633 3274 Alites
650 3218 758 3274 uolatu
775 3218 914 3292 auspicia
939 3218 1091 3275 facientes
1107 3219 1186 3275 istae
1206 3218 1412 3293 putabantur:
1439 3217 1543 3285 hute0,

422 3324 592 3400 sanqualis
617 3325 817 3393 immusulus,
842 3326 956 3400 aquila,
981 3326 1148 3383 uulturius.

482 3428 570 3509 App.
580 3423 746 3488 Claudius
755 3425 904 3489 Pulcher
914 3425 1086 3490 Ciceronis
1098 3426 1250 3510 aequalis
1259 3429 1333 3491 erat
1344 3427 1387 3491 ad
1399 3447 1544 3508 eumque

374 3555 402 3595 a.
422 3537 460 3593 51
480 3531 656 3614 auguralis
673 3532 876 3616 disciplinae
893 3531 1000 3596 libros
1017 3533 1119 3610 misit,
1137 3534 1173 3596 id
1190 3535 1281 3616 quod
1298 3555 1339 3597 ex
1354 3534 1436 3618 ipsis
1454 3532 1544 3597 Cice·

374 3639 466 3702 ronis
480 3638 637 3723 epistulis
651 3641 864 3729 compertum
877 3639 1043 3703 habemus
1054 3633 1087 3722 3).
1112 3640 1165 3703 his
1178 3640 1285 3722 igitur
1300 3640 1545 3704 librisVerrius

353 3766 509 3828 .quoque
533 3746 569 3808 in
594 3745 838 3829 componendis
862 3746 1033 3831 prioribus
1057 3745 1251 3811 litterarum
1284 3748 1440 3831 partibus
1464 3769 1545 3810 usus

374 3855 436 3916 est.
476 3856 579 3935 atque
604 3873 721 3916 omnes
745 3853 802 3917 uel
827 3857 919 3918 certe
943 3853 1109 3937 plurimas
1127 3854 1169 3918 de
1186 3855 1338 3938 auguriis
1355 3855 1545 3937 suibusque

374 3958 629 4041 explicationes,
661 3979 748 4041 quae
772 3959 808 4021 in
831 3960 873 4023 iis
897 3960 1054 4044 partibus
1085 3961 1259 4045 leguntur,
1291 3982 1331 4026 ex
1355 3962 1424 4025 illis
1448 3961 1545 4025 libris

482 4151 501 4218 ¹)
519 4149 669 4204 Muellerus
689 4156 753 4220 apte
772 4151 887 4206 coniecit
905 4168 991 4221 quom.

481 4240 502 4308 ²)
523 4238 620 4293 Nescio
647 4257 697 4293 cur
721 4240 862 4310 Regcllins
889 4259 939 4309 pro
965 4241 1006 4294 his
1034 4244 1124 4297 uerbis
1151 4244 1324 4297 scribendum
1354 4263 1411 4298 csse
1439 4249 1548 4299 censeat

376 4331 529 4397 (Commeat.
543 4331 739 4396 Reifferscheid.
759 4349 784 4398 p.
800 4332 844 4396 63)
861 4335 1022 4399 praecordio,
1042 4333 1206 4386 uocabulum
1224 4333 1289 4385 alias
1303 4351 1367 4388 sane
1386 4334 1547 4392 inauditum.

373 4436 437 4472 nam
457 4437 506 4472 cnr
524 4419 651 4472 arborem
668 4436 735 4488 prae
748 4419 816 4473 uitio
829 4419 926 4473 cadere
939 4420 1029 4474 dicere
1047 4421 1106 4489 quis
1124 4427 1242 4490 nequeat
1261 4422 1367 4489 Latine,
1386 4425 1547 4492 praesertim

374 4508 401 4562 in
421 4526 545 4562 sermone
565 4509 697 4578 augurali,
717 4508 809 4578 quiin
829 4509 888 4563 aliis
906 4527 1014 4578 quoque
1034 4528 1049 4563 a
1068 4510 1176 4580 uulgari
1195 4528 1319 4565 sermone
1338 4512 1449 4566 differt?

483 4598 502 4665 ³)
523 4597 564 4652 Of.
584 4596 700 4652 Bremer
719 4601 736 4654 l.
750 4616 769 4655 c,
791 4603 814 4666 1,
828 4603 887 4654 243,
