3670 5476
845 450 884 506 21

254 657 436 739 aaaa'p'io
460 661 558 722 detor.
596 660 651 723 boe
674 657 784 723 alerias
807 680 872 722 esse
894 658 998 739 ipsam
1021 660 1150 722 neretum
1174 658 1315 738 ostendit,
1340 661 1377 723 de
1393 681 1452 739 qao

258 765 463 846 'quaerelam
494 787 571 830 narn
593 765 696 830 idest
719 767 802 846 qaod
825 764 980 847 oblipatar
1004 764 1204 845 perlibrans
1234 786 1331 846 aeque
1361 787 1452 830 sarira

278 857 342 951 fite
363 871 437 936 inde
454 883 583 936 'aenam
613 871 740 936 dietam.
795 873 891 937 dedit
922 873 1030 955 igitur
1053 873 1161 936 Varro
1193 873 1278 936 duas
1309 872 1453 957 explica-

253 980 400 1057 tiones,
432 1001 515 1062 quas
547 1002 567 1043 a
598 979 743 1043 Manilio
775 983 809 1044 et
841 979 956 1042 Mucio
987 982 1167 1042 mutuatus
1198 982 1283 1044 erat.
1330 979 1453 1043 Manili

280 1087 544 1171 explicationem
575 1086 668 1170 prior
692 1086 790 1150 Verri
820 1086 934 1170 glossa
965 1088 1098 1150 mutato
1134 1087 1285 1150 auctoris
1315 1086 1453 1150 nomine

280 1193 403 1269 reddit,
430 1192 540 1257 altera
563 1194 677 1276 glossa
700 1193 795 1257 Muci
819 1192 1084 1275 explicationem
1107 1193 1235 1277 repetit
1259 1192 1453 1257 eVarronis

85 1287 87 1291 ¹
191 1377 193 1382 Α
280 1299 377 1363 libris
401 1300 571 1363 haustam.
618 1300 777 1364 similiter
801 1299 870 1362 alia
885 1299 1050 1362 Varronis
1074 1300 1259 1384 explicatio
1284 1321 1361 1364 cum
1375 1299 1453 1363 Ver·

280 1407 378 1470 riana
412 1407 595 1490 conspirat.
655 1427 742 1488 quae
773 1429 804 1490 p.
827 1410 935 1483 69,17
969 1407 1061 1490 apud
1092 1407 1237 1470 Paulum
1271 1407 1313 1470 de
1343 1405 1453 1469 milite

282 1533 358 1577 aere
395 1513 510 1576 diruto
545 1512 692 1596 legimus
727 1515 821 1577 haud
855 1512 1078 1576 dissimilibus
1114 1513 1228 1576 uerbis
1259 1513 1454 1576 aVarrone

281 1640 415 1702 quoque
447 1622 613 1704 concepta
643 1621 868 1698 inne'niemus,
901 1620 929 1683 si
953 1619 1045 1683 Noni
1072 1619 1251 1682 uolumina
1273 1619 1455 1702 inspexeri-

281 1747 366 1804 mus,
397 1726 456 1808 qui
486 1728 551 1790 hoc
583 1727 702 1791 scribit
735 1722 778 1811 (p.
804 1731 877 1805 532,
904 1721 951 1806 5);
983 1727 1116 1790 Varro
1148 1727 1197 1791 de
1227 1727 1323 1789 uita
1352 1725 1389 1787 P.
1414 1724 1454 1786 R.

282 1833 353 1897 lib.
375 1833 430 1895 ΙΙ.
455 1831 646 1914 stipendiare
669 1833 889 1914 appellabatur
912 1853 966 1896 aes
989 1834 1072 1913 qaod
1093 1831 1189 1896 milia
1212 1838 1378 1896 semenare
1401 1837 1458 1894 ont

284 1960 426 2004 ananam
445 1941 598 2020 dabatur,
622 1939 673 2004 cai
688 1941 796 2004 datam
819 1961 885 2004 reon
904 1945 981 2004 esset
999 1951 1127 2020 propter
1141 1937 1361 2020 indominica,
1384 1959 1457 2002 aere

284 2045 417 2110 dicatas.
465 2048 584 2111 eadem
609 2048 765 2131 denique,
791 2069 878 2131 quae
902 2047 995 2130 apud
1019 2046 1165 2110 Paulum
1190 2048 1232 2111 de
1256 2047 1354 2130 graui
1378 2067 1455 2111 aere

284 2153 443 2235 legimus,
475 2153 584 2218 Varro
619 2154 731 2218 obiter
764 2155 815 2218 ita
845 2154 955 2218 tradit
988 2150 1029 2234 (d.
1053 2173 1080 2216 r.
1106 2173 1133 2215 r.
1161 2159 1188 2231 1,
1213 2158 1263 2231 10,
1286 2148 1317 2236 2)
1352 2159 1456 2216 Habet

284 2267 427 2340 iugerum
458 2267 593 2341 scripula
624 2265 882 2336 CCLXXXVIIL
919 2271 1073 2342 qnantum
1106 2285 1141 2324 as
1172 2268 1319 2342 antiquos
1350 2271 1457 2325 noster

285 2377 359 2430 ante
382 2373 499 2430 bellum
523 2374 678 2431 Punicum
701 2375 869 2448 pendebat.

390 2475 487 2539 Haec
511 2479 592 2538 sunt
616 2479 829 2559 argumenta,
850 2476 974 2558 quibus
990 2475 1145 2539 stabilire
1162 2496 1299 2559 possum
1324 2479 1456 2539 senten·

285 2581 379 2658 tiam,
410 2602 513 2663 quam
548 2602 652 2664 supra
685 2581 761 2658 tuli,
793 2582 968 2646 uariorum
999 2582 1086 2645 aeris
1116 2602 1281 2664 generum
1312 2581 1456 2664 explica-

284 2687 396 2751 tiones
427 2709 447 2749 a
470 2688 623 2752 Varrone
651 2689 824 2772 profectas
856 2688 937 2753 esse'.
985 2690 1040 2752 cui
1069 2689 1261 2754 sententiae
1284 2689 1343 2750 uix
1367 2688 1456 2770 quic-

284 2814 387 2876 quam
422 2794 540 2858 obesse
575 2796 730 2872 uidetur;
766 2816 847 2858 nam
878 2817 955 2860 cum
986 2796 1095 2882 Vario
1130 2797 1166 2858 in
1197 2795 1456 2878 Antiquitatum

285 2900 382 2964 libris
407 2902 448 2966 de
473 2904 526 2965 tot
550 2903 669 2986 populi
685 2903 832 2966 Romani
855 2903 957 2967 rebus
980 2903 1219 2986 institutisque
1244 2905 1371 2984 ageret,
1397 2922 1458 2964 cur

285 3027 355 3070 non
379 3008 462 3072 item
487 3009 731 3092 explicationes
756 3010 856 3073 modo
881 3011 1072 3094 propositas
1097 3011 1178 3074 dare
1202 3009 1339 3093 potuit?
1367 3029 1457 3072 acce·

287 3113 338 3176 dit
373 3117 463 3197 quod
495 3117 573 3179 euin
603 3117 637 3178 in
671 3117 763 3180 hisce
795 3116 891 3180 libris
922 3118 964 3181 de
995 3116 1097 3180 rebus
1125 3117 1218 3180 haud
1243 3115 1457 3179 absimilibus

286 3221 393 3284 uerba
416 3222 538 3286 fecisse
563 3228 655 3287 certo
680 3224 815 3299 scimus,
846 3224 883 3286 id
906 3225 997 3307 quud
1029 3224 1193 3288 continno
1224 3223 1361 3305 longius
1385 3243 1457 3305 pro·

286 3321 476 3409 Sequemur.

393 3425 468 3488 Iam
492 3427 529 3489 in
551 3428 717 3490 iudicium
742 3450 866 3493 uocare
897 3428 984 3492 libet
1011 3428 1196 3492 nonnullas
1220 3428 1350 3511 glossas
1373 3429 1457 3491 item

287 3532 323 3593 in
354 3531 472 3594 alteris
502 3532 640 3597 litterae
669 3555 749 3598 suae
773 3536 929 3619 partibus
953 3536 1092 3619 positas,
1119 3536 1160 3598 de
1185 3534 1309 3617 quibus
1334 3554 1459 3616 magna

288 3658 366 3700 cum
397 3639 619 3704 contentione
650 3642 692 3705 ab
720 3641 789 3704 illis
820 3642 903 3704 uiris
935 3642 1045 3705 doctis
1070 3642 1285 3726 disputatum
1314 3644 1375 3718 est,
1401 3640 1459 3723 qui

286 3744 336 3808 rei
370 3747 582 3810 nummariae
613 3747 844 3812 Romanorum
880 3749 1065 3830 antiquiori
1101 3769 1238 3832 operam
1273 3750 1457 3810 nanarunt.

274 3872 372 3932 ,quas
395 3852 525 3934 glossas
549 3855 701 3939 integras
725 3855 793 3919 huc
816 3857 1005 3919 transferre
1029 3876 1114 3938 opus
1138 3875 1210 3919 esse
1234 3855 1383 3918 uidetur.

288 3992 317 4047 p.
337 3975 463 4042 20211
491 3975 643 4034 ovlssvs
667 3978 790 4035 duabus
807 3979 1024 4035 multabantur
1040 3979 1125 4053 apud
1141 3979 1287 4052 antiquos
1311 3978 1343 4032 in
1363 3977 1459 4032 mino·
1483 3999 1485 4003 ·

333 4080 418 4137 ribus
443 4083 574 4151 delictis,
602 4085 688 4140 utin
714 4086 883 4143 maioribus
907 4087 996 4142 XXX
1021 4086 1120 4142 bobus
1146 4083 1197 4149 (A.
1222 4082 1340 4156 Aaqast.
1366 4083 1460 4139 maio-

333 4188 418 4244 ribus
438 4189 591 4247 ambobus
611 4191 804 4264 accaronita),
824 4210 882 4250 nec
901 4194 985 4250 hunc
1004 4193 1087 4248 ultra
1106 4209 1273 4249 numerum
1289 4190 1460 4247 excedebat

333 4297 495 4366 multatio;
528 4299 582 4354 sed
614 4292 705 4373 (quae
729 4294 907 4373 apopeapba)
936 4303 1142 4374 posteaquam
1166 4315 1237 4355 aere
1266 4298 1389 4371 signato
1414 4297 1460 4353 uti

334 4405 445 4461 ciuitas
470 4405 572 4480 coepit
601 4423 774 4481 pecoraque
798 4408 972 4464 multaticia
996 4406 1115 4463 incuria
1123 4399 1146 4476 1)
1169 4403 1459 4478 corrumpebantur,

398 4537 417 4603 ¹)
437 4536 492 4589 Pro
511 4537 552 4589 his
571 4537 661 4591 uerbis
679 4536 868 4591 Mommsenus
895 4537 1012 4591 coniecit
1036 4539 1143 4589 malitia
1169 4542 1216 4587 ant
1241 4538 1350 4588 incuria
1375 4533 1460 4604 (apud

290 4625 436 4678 Brunsium
456 4628 551 4678 Bbales
570 4629 641 4679 iaris
658 4628 691 4682 R.
711 4631 737 4693 2,
754 4631 796 4692 21,
810 4627 846 4694 7).
