3670 5476
422 750 478 809 DE
502 750 768 814 GLOSSARVM
793 755 923 815 lNTER
946 755 993 816 SE
1017 753 1315 818 COGNATIONE

388 875 525 940 Pridem
549 882 766 961 perspectum
795 884 848 944 est
875 902 1036 964 magnam
1060 880 1305 946 Verrianarum
1331 880 1456 966 glossa·

214 983 216 987 ’
281 1003 357 1044 rum
380 985 513 1066 partem
537 1005 598 1067 per
620 985 773 1050 diuersas
796 988 932 1051 litteras
957 988 1169 1072 digestarum
1192 1009 1285 1053 nexu
1308 989 1457 1070 quodam

281 1089 372 1153 inter
403 1110 438 1154 se
474 1092 657 1157 cohaerere
693 1094 907 1177 contigitque
941 1095 1026 1158 uiris
1057 1096 1167 1159 doctis
1197 1099 1238 1159 ut
1267 1095 1457 1159 multarum

281 1196 472 1278 glossarum
492 1199 632 1281 agmina
655 1199 726 1264 late
743 1205 870 1285 uagata
886 1205 1060 1285 cogerent.
1085 1205 1189 1285 atque
1205 1201 1368 1266 Hertzius
1387 1200 1457 1284 qui-

245 1321 248 1324 ·
283 1304 361 1368 dem
385 1305 515 1388 glossas
539 1308 801 1390 prouerbiorum
825 1329 843 1373 e
867 1308 967 1372 Sinni
991 1307 1170 1393 Capitonis
1193 1308 1291 1372 libris
1314 1309 1456 1372 haustas

283 1411 463 1495 congessit,
489 1412 701 1479 Mercklinus
725 1415 864 1500 glossas,
890 1436 977 1498 quae
1009 1416 1052 1479 ad
1079 1416 1234 1479 tribuum
1259 1415 1399 1479 nomina
1422 1417 1457 1479 et

282 1537 424 1582 coronas
463 1519 630 1586 militares
670 1525 829 1605 spectant
851 1526 904 1587 ‘et
936 1521 1100 1586 Varronis
1139 1522 1237 1586 libris
1276 1521 1455 1597 debentur,

281 1624 569 1691 Reitzensteinius
600 1628 730 1712 glossas
760 1629 939 1693 nominum
964 1629 1168 1713 oppidorum
1193 1632 1228 1694 et
1251 1628 1456 1713 populorum

282 1731 451 1796 Italorum
477 1730 630 1814 (Hermae
653 1740 695 1799 20
722 1731 828 1818 [1885]
856 1731 931 1818 532)
956 1741 991 1800 et
1015 1735 1277 1819 praenominum
1291 1736 1457 1799 Romano-

282 1859 367 1917 rum,
392 1861 477 1923 quas
501 1861 620 1906 omnes
642 1842 790 1907 Varroni
813 1843 976 1908 reddidit.
1023 1843 1115 1908 idem
1146 1843 1200 1906 uir
1224 1844 1346 1908 doctus
1370 1842 1457 1926 glos·

283 1966 345 2024 sas,
371 1968 458 2030 quae
483 1948 525 2012 de
556 1949 752 2033 fulgoribus
780 1954 816 2016 et
840 1951 882 2015 de
906 1949 1127 2033 adfinitatum
1153 1953 1188 2014 et
1213 1949 1457 2033 cognationum

282 2054 479 2119 nominibus
514 2059 605 2132 sunt,
638 2058 834 2140 segregauit
867 2057 995 2121 additis
1027 2057 1216 2120 minoribus
1251 2057 1456 2140 quibusdam

282 2160 473 2243 glossarum
498 2163 711 2228 examinibus
735 2159 864 2245 (quaest.
889 2163 978 2227 Verr.
1004 2187 1036 2248 p.
1062 2160 1229 2246 22-40).
1276 2166 1313 2227 at
1340 2164 1456 2228 nescio

284 2286 345 2330 cur
366 2268 656 2334 Reitzensteinius
680 2271 820 2354 glossas,
846 2291 933 2354 quae
956 2275 1268 2355 p.13,13-14,6
1293 2271 1458 2354 leguntur

283 2371 377 2437 Acus
391 2373 526 2439 Aburius
541 2376 669 2440 Alaeus
685 2377 873 2441 Auuncalcs
889 2376 1001 2440 Amilo
1021 2399 1091 2441 non
1107 2378 1285 2442 admiserit
1302 2373 1346 2461 (p.
1360 2381 1411 2455 27,
1426 2375 1457 2459 2)

282 2481 320 2543 in
335 2503 517 2548 numerum
533 2483 725 2568 glossarum
741 2485 783 2548 de
801 2484 1007 2568 cognatione
1024 2484 1259 2549 collectarum.
1289 2505 1368 2547 nam
1384 2504 1457 2568 pro·

284 2609 407 2653 nomen
420 2591 551 2673 primae
563 2613 728 2674 personae
740 2591 932 2655 identidem
944 2592 982 2653 in
992 2591 1046 2654 his
1058 2590 1346 2674 explicationibus
1356 2611 1457 2673 quem

284 2695 483 2761 admodum
501 2697 538 2760 in
555 2699 678 2764 ceteris
702 2720 722 2763 a
738 2699 813 2762 uiro
831 2699 933 2763 docto
957 2697 1156 2781 compositis
1180 2698 1330 2770 occurrit
1345 2717 1456 2780 neque

285 2802 428 2866 dubium
453 2824 526 2868 esse
549 2808 674 2889 potest,
700 2807 784 2888 quin
808 2826 886 2869 cum
911 2806 1033 2870 ceteris
1058 2805 1306 2869 consociandae
1331 2804 1411 2870 sint.

394 2915 421 2972 1.
453 2909 540 2974 Cum
564 2933 764 2996 persuasum
782 2914 927 2978 habeam
943 2934 1125 2976 numerum
1148 2912 1349 2996 glossarum,
1370 2931 1457 2995 quae

284 3017 367 3080 olim
398 3018 441 3082 ab
473 3018 550 3082 aliis
581 3020 806 3104 scriptoribus
830 3019 1043 3084 coniunctim
1067 3018 1259 3103 explicatae
1294 3040 1314 3083 a
1339 3018 1458 3082 Verrio

203 3177 205 3181 ,
285 3125 472 3189 secundum
490 3125 685 3190 litterarum
702 3127 857 3191 ordinem
874 3127 1060 3212 dispositae
1077 3129 1168 3204 sunt,
1193 3147 1296 3209 quam
1312 3125 1458 3190 maxime

285 3233 478 3315 augendum
505 3253 578 3298 esse
602 3237 706 3318 atque
730 3236 795 3298 hac
819 3234 953 3298 ratione
978 3234 1044 3298 etsi
1067 3254 1137 3297 non
1158 3233 1317 3297 omnibus
1341 3235 1459 3297 tamen

285 3338 432 3404 fortasse
456 3340 614 3423 plurimis
637 3341 704 3406 rite
722 3341 877 3406 collectis
889 3340 1134 3405 Verrianorum
1160 3339 1327 3404 librorum
1344 3343 1459 3423 partes

286 3447 322 3510 et
343 3445 459 3510 fontes
482 3447 621 3511 facilins
644 3449 775 3515 dinosci
799 3469 908 3534 posse,
933 3447 1119 3512 nonnullas
1143 3447 1333 3531 glossarum
1358 3447 1460 3511 socie·

286 3555 378 3617 tates
401 3553 443 3618 iis
467 3555 602 3633 addam,
628 3576 716 3638 quae
738 3557 808 3620 iam
832 3556 1028 3641 propositae
1052 3558 1144 3619 sunt.

393 3660 527 3725 Scimus
551 3662 645 3727 haud
676 3685 753 3728 raro
781 3663 1024 3748 grammaticos
1049 3660 1198 3728 Graecos
1229 3665 1264 3727 et
1287 3661 1460 3725 Romanos

287 3787 328 3832 ea
350 3768 491 3833 nomina
521 3773 557 3834 et
581 3770 833 3854 appellationes
862 3771 899 3834 in
932 3791 1048 3853 unum,
1072 3770 1233 3853 coegisse,
1258 3789 1346 3852 quae
1369 3772 1460 3833 utra·

287 3895 352 3957 que
376 3877 472 3940 natio
503 3880 598 3941 certo
629 3878 766 3942 cuidam
796 3898 911 3943 rerum
934 3877 1053 3959 generi
1083 3897 1124 3942 ex
1147 3875 1253 3940 uariis
1278 3876 1389 3940 causis
1412 3876 1460 3939 in·

288 3981 387 4045 didit.
432 3983 524 4048 idem
554 3985 597 4048 de
625 4005 784 4049 uasorum
815 3985 976 4049 fictilium
1007 3985 1286 4066 caelatorumque
1317 3982 1460 4047 nomini·

287 4088 351 4152 bus
381 4089 515 4154 factum
548 4111 620 4156 esse
654 4096 800 4156 constat.
846 4093 906 4175 qui
938 4091 1156 4175 grammatici
1189 4091 1231 4155 de
1263 4089 1460 4154 nominibus

288 4217 308 4258 a
331 4195 472 4261 Graecis
495 4200 634 4262 tantum
657 4200 832 4283 usurpatis
857 4200 1093 4265 disseruerunt
1116 4218 1178 4261 nos
1202 4199 1268 4261 hoc
1291 4197 1367 4263 loco
1391 4217 1461 4260 non

287 4307 467 4368 morantur
477 4302 516 4383 1);
535 4306 797 4371 eRomanorum
814 4307 1117 4390 grammaticorum
1133 4326 1276 4370 numero
1292 4303 1461 4387 inprimis

396 4513 416 4583 ¹)
441 4513 596 4584 Diligenter
621 4514 655 4568 de
674 4514 731 4568 istis
750 4515 837 4570 uerba
861 4515 927 4570 fecit
945 4515 977 4572 Ο.
995 4514 1109 4569 Iahnius
1133 4515 1162 4568 in
1187 4513 1267 4580 libro,
1293 4512 1338 4566 cui
1364 4512 1462 4566 titulus

289 4601 485 4671 Beaclrreibunq
502 4605 550 4658 der
568 4607 805 4673 Vacercaammluny
824 4607 930 4673 Koeniq
948 4607 1076 4674 nudatas
1098 4622 1124 4673 p.
1144 4622 1290 4663 uxxxvm.
