3670 5476
926 1818 1053 1868 Quaerendi
1071 1817 1204 1870 defetigatio
1224 1820 1295 1868 turpis
1315 1823 1355 1868 est,
1371 1829 1421 1857 cum

923 1890 951 1932 dd
966 1892 1025 1940 quod
1040 1893 1154 1941 quaeritur
1168 1893 1197 1931 sit
1211 1891 1391 1941 pulcherrimum.

1261 1961 1328 2018 010.

356 2148 503 2281 Magno
534 2195 617 2258 artis
647 2197 786 2258 nostrae
816 2193 1033 2257 incommodo
1064 2193 1197 2256 factum
1229 2194 1290 2267 est,
1315 2195 1355 2254 ut
1380 2211 1421 2256 ex

248 2305 383 2388 ingenti
405 2303 570 2367 librorum
588 2301 695 2386 copia,
717 2321 801 2384 quos
817 2301 864 2362 M.
881 2300 1062 2390 Terentius
1076 2299 1183 2363 Varro
1207 2298 1419 2382 conscripsit,

248 2410 477 2494 perpauculae
508 2410 609 2472 modo
638 2409 681 2471 ad
711 2428 774 2472 nos
805 2409 1027 2493 peruenerint
1054 2406 1211 2491 paginae.
1258 2405 1317 2489 qui
1340 2404 1421 2468 libri

249 2521 416 2601 quantum
451 2517 495 2580 ad
526 2515 758 2600 cognitionem
788 2516 1020 2580 Romanorum
1053 2513 1302 2596 antiquitatum
1336 2512 1420 2575 iuris

249 2625 408 2688 ludorum
431 2623 561 2686 rituum
585 2643 761 2687 sacrorum
784 2623 1074 2707 profanorumque
1098 2621 1238 2703 linguae
1255 2620 1420 2684 sermonis
1500 2617 1502 2621 ’

248 2731 439 2801 adtulerint
463 2730 616 2794 subsidia
637 2731 694 2795 uel
719 2751 737 2794 e
761 2729 862 2793 nudis
885 2728 1000 2792 titulis
1024 2728 1199 2813 percipere
1223 2727 1315 2805 licet,
1341 2747 1420 2810 quo·

249 2861 325 2902 rum
350 2858 516 2901 summam
541 2837 721 2921 proposuit
736 2835 947 2900 Ritschelius
964 2831 1021 2916 (op.
1041 2841 1070 2912 3,
1089 2832 1175 2916 491).
1206 2834 1421 2898 Varroniana

249 2948 364 3010 autem
388 2943 564 3008 volumina
593 2947 634 3006 ut
662 2944 730 3007 iam
762 2943 881 3027 primis
905 2946 983 3028 post
1007 2941 1182 3006 Christum
1207 2945 1328 3005 natum
1352 2962 1420 3007 sae·

250 3052 335 3117 culis
369 3051 551 3114 maximam
582 3053 716 3140 partem
745 3051 781 3112 in
813 3049 1032 3114 bibliothecis
1063 3049 1183 3113 abdita
1213 3049 1419 3133 deperirent,

247 3160 347 3224 istius
370 3159 534 3242 temporis
558 3157 860 3241 grammaticorum
884 3160 920 3221 et
941 3156 1189 3238 antiquitatum
1214 3157 1419 3239 scriptorum

248 3266 351 3350 culpa
382 3264 518 3342 accidit,
551 3264 610 3347 qui
643 3263 781 3326 infinita
816 3266 851 3327 et
885 3263 1081 3326 admirabili
1116 3263 1190 3328 eius
1225 3264 1420 3328 eruditione

247 3373 345 3437 uafre
362 3372 554 3455 callideque
571 3371 624 3435 usi
648 3371 818 3452 editisque
841 3370 1044 3456 librismole
1068 3371 1199 3454 exiguis
1223 3371 1420 3453 aequalium

248 3480 371 3545 studiis
394 3480 498 3544 facile
518 3478 789 3543 satisfaciebant.
829 3479 952 3541 horum
970 3478 1147 3562 complura
1170 3478 1298 3562 scripta
1321 3479 1420 3542 nobis

247 3591 386 3652 seruata
401 3590 482 3650 sunt
498 3607 661 3671 persaepe
677 3586 870 3650 uanitatem
886 3585 995 3668 magis
1012 3606 1114 3667 quarn
1135 3585 1318 3649 ueritatem
1338 3607 1420 3670 prae

247 3716 282 3760 se
312 3695 471 3772 ferentia,
503 3697 606 3777 atque
637 3693 727 3758 male
757 3693 856 3757 nobis
887 3693 1063 3777 prouisum
1094 3695 1192 3769 esset,
1224 3693 1291 3756 nisi
1324 3694 1420 3758 aliud

247 3822 381 3884 quoque
411 3801 589 3865 oraculum
621 3801 715 3865 adire
746 3801 875 3878 liceret,
901 3821 968 3883 quo
993 3800 1201 3864 detrimenta
1231 3805 1349 3865 nostra
1371 3823 1419 3866 re·

247 3908 440 3971 sarciantur
463 3907 612 3989 quodam
637 3908 748 3971 modo.
795 3928 942 3990 namque
974 3909 1111 3972 easdem
1141 3909 1215 3973 fere
1245 3930 1308 3986 res,
1336 3931 1420 3993 quas

246 4014 355 4078 Varro
390 4014 426 4076 in
469 4013 633 4077 sescentis
671 4013 768 4077 libris
810 4015 955 4099 posteris
993 4015 1200 4091 tradiderat,
1237 4018 1273 4078 in
1312 4038 1420 4080 unum

246 4141 332 4205 opus
358 4123 537 4185 contexere
561 4123 705 4185 conatus
730 4124 782 4184 est
813 4121 876 4184 sub
907 4122 1037 4186 exitum
1068 4122 1141 4186 diui
1164 4124 1315 4207 Augusti
1338 4123 1418 4188 Ver-

245 4228 316 4291 rius
352 4227 511 4304 Flaccus,
546 4229 600 4290 uir
637 4228 731 4291 haud
762 4228 926 4292 mediocri
965 4230 1141 4313 praeditus
1176 4230 1348 4294 industria
1383 4235 1418 4295 et

246 4335 414 4399 doctrina.
462 4334 558 4398 cuius
584 4337 625 4398 de
656 4334 853 4417 significa-tu
877 4336 1063 4399 uerborum
1095 4336 1174 4400 libri
1205 4359 1265 4421 per
1289 4338 1418 4403 littera·

214 4429 217 4434 ¹
244 4464 322 4532 rum
345 4442 501 4506 ordinem
525 4427 651 4524 digesti
673 4441 811 4505 facilem
837 4442 979 4525 cognitu
1003 4444 1216 4528 praebebant
1239 4445 1419 4510 materiem

245 4568 437 4633 magnoque
473 4569 550 4611 cum
586 4569 726 4612 assensu
761 4549 804 4612 ab
843 4550 1045 4632 aequalibus
1083 4550 1217 4634 accepti
1252 4554 1347 4629 sunt,
1381 4553 1419 4616 id

245 4655 337 4738 quod
368 4675 386 4719 e
414 4655 654 4738 subsequentis
684 4656 808 4720 aetatis
839 4658 1141 4740 grammaticorum
1172 4657 1270 4723 libris
1301 4659 1419 4744 colligi

1190 4763 1204 4816 1
