3670 5476
930 421 971 480 20
986 506 1026 511 *-

359 663 388 718 p.
408 644 482 712 285,
497 644 535 700 21
563 641 831 700 RESIGNATVM
862 659 915 698 aes
946 641 1060 698 dicitur
1090 641 1192 708 militi,
1217 657 1289 696 cum
1320 639 1358 695 ob
1383 639 1532 695 delictum

404 750 531 824 aliquod
565 751 654 806 iussu
689 749 807 806 tribuni
841 749 978 806 militum
1013 765 1052 820 ne
1088 747 1281 822 stipendium
1316 746 1344 802 ei
1374 746 1467 808 detur
1500 745 1533 801 in

404 857 529 914 tabulas
553 855 702 923 refertum
728 857 851 930 signare
863 848 885 926 1)
901 855 985 912 enim
1001 855 1122 928 antiqui
1146 870 1201 927 pro
1218 854 1350 911 scribere
1374 851 1533 909 interdum

404 951 581 1048 ponebant

360 1089 390 1144 p.
410 1069 485 1138 344,
500 1070 540 1126 33
566 1067 878 1126 SACRAMENTVM
901 1085 955 1125 aes
972 1067 1137 1141 significat,
1162 1067 1246 1141 quod
1265 1082 1384 1140 poenae
1407 1065 1534 1122 nomine

406 1175 563 1250 penditur,
588 1176 655 1232 siue
679 1189 716 1233 eo
741 1175 810 1250 quis
833 1175 1043 1248 interrogatur
1067 1175 1134 1230 siue
1150 1172 1312 1244 contendit
1329 1170 1535 1236 (Mommseuus

406 1283 608 1340 contenditur
632 1281 707 1347 cod.)
718 1303 727 1352 ;
757 1282 789 1337 id
813 1283 846 1338 in
869 1282 938 1338 aliis
963 1281 1055 1338 rebus
1079 1281 1308 1355 quinquaginta
1331 1279 1451 1335 assium
1474 1281 1533 1346 est,

405 1390 439 1445 in
472 1389 530 1446 alis
564 1389 657 1446 rebus
690 1389 934 1463 quingentorum
967 1389 1049 1444 inter
1079 1404 1142 1456 eos,
1173 1387 1227 1461 qui
1254 1384 1369 1443 iudicio
1396 1386 1478 1442 inter
1501 1402 1534 1441 se
1585 1423 1586 1426 η

407 1497 714 1553 contenderent...
737 1496 926 1552 sacramenti
949 1498 1057 1552 autem
1080 1495 1207 1551 nomine
1231 1493 1263 1549 id
1286 1509 1339 1550 aes
1364 1493 1425 1550 dici
1449 1509 1535 1566 coep·

407 1606 477 1659 tum
508 1605 566 1671 est,
591 1603 675 1676 quod
705 1605 738 1659 et
766 1605 893 1676 propter
915 1603 1014 1658 aerari
1036 1602 1175 1676 inopiam
1199 1603 1232 1657 et
1254 1616 1414 1656 sacrorum
1437 1598 1535 1672 publi·

407 1726 515 1766 corum
539 1709 776 1766 multitudinem
800 1709 1044 1766 consumebatur
1066 1708 1099 1764 id
1122 1708 1155 1764 in
1179 1707 1271 1764 rebus
1297 1707 1422 1763 diuinis.
1595 1785 1596 1788 Ἴ

363 1835 392 1890 p.
412 1816 541 1884 36⁰,20
565 1815 759 1873 Taurium
790 1833 843 1873 aes
875 1817 993 1884 dieunt,
1019 1815 1102 1891 quod
1132 1816 1165 1871 in
1195 1815 1286 1871 ludos
1316 1815 1435 1871 taurios
1458 1806 1536 1883 (tau-

407 1923 486 1980 ricos
511 1917 584 1994 cod.)
607 1924 812 1980 eonsumitur.

363 2049 391 2104 p.
412 2029 519 2098 371‚9
545 2028 735 2104 Vectigal
766 2047 818 2086 aes
850 2030 1034 2103 appellatur,
1060 2029 1142 2103 quod
1174 2028 1213 2085 ob
1244 2029 1398 2086 tributum
1429 2030 1461 2084 et
1484 2026 1536 2083 sti-

409 2135 561 2211 pendium
585 2139 616 2192 et
640 2153 692 2193 aes
717 2139 861 2210 equestre
885 2139 917 2193 et
939 2125 1164 2210 hordjarium2)
1188 2135 1303 2210 populo
1327 2135 1468 2192 debetur.

365 2261 394 2316 p.
414 2243 519 2310 379‚1
547 2240 742 2299 VXORIVM
772 2242 959 2316 pependisse
990 2243 1112 2311 dicitur,
1137 2243 1190 2317 qui
1214 2242 1298 2317 quod
1322 2259 1449 2299 uxorem
1473 2256 1537 2297 non

408 2350 562 2417 habuerit,
587 2366 636 2405 res
660 2349 774 2423 populo
799 2349 895 2406 dedit.

470 2468 574 2530 Varia
606 2470 691 2532 haec
722 2469 809 2532 aeris
833 2488 960 2552 genera
983 2468 1065 2533 olim
1093 2489 1162 2532 uno
1186 2467 1262 2532 loco
1286 2468 1462 2552 proposita
1485 2487 1535 2530 ex·

364 2575 560 2659 plicataque
591 2575 698 2639 fuisse
729 2576 851 2639 docere
881 2575 1043 2639 videntur
1071 2575 1160 2638 duae
1187 2575 1321 2658 glossae
1345 2576 1535 2658 sequentes,

364 2701 450 2764 quae
475 2681 578 2744 facile
602 2701 680 2744 cum
697 2683 852 2764 cognatis
869 2682 935 2745 sibi
952 2680 1238 2765 explicationibus
1262 2681 1425 2763 coniungi
1441 2683 1536 2763 potu·
1609 2748 1611 2752 ,

365 2790 473 2851 erant.
510 2808 588 2850 curn
612 2787 725 2870 glossa
744 2793 870 2850 Lucar
889 2811 921 2871 p.
942 2794 1047 2865 119,9
1072 2788 1191 2853 confer
1214 2789 1362 2871 glossam
1386 2812 1415 2867 p.
1433 2793 1535 2861 liae

364 2900 492 2957 Luoaris
522 2900 664 2973 pecunia,
696 2918 776 2974 quae
806 2901 839 2956 in
866 2901 936 2958 luco
964 2904 1032 2958 erat
1055 2901 1139 2958 data.
1187 2895 1271 2959 item
1295 2895 1423 2958 similes
1446 2895 1538 2958 inter

365 3021 400 3065 se
425 3003 506 3064 sunt
530 3000 775 3084 explicationes
798 3027 828 3081 p.
849 3007 921 3074 165,
934 3008 973 3063 27
999 3008 1122 3064 Nexum
1153 3005 1188 3066 et
1212 3027 1241 3082 p.
1263 3007 1335 3076 165,
1350 3009 1390 3065 20
1414 3007 1537 3064 Nexum

365 3117 424 3180 est,
449 3116 485 3170 ut
508 3113 552 3169 ait
577 3111 686 3170 Gallus
710 3114 829 3181 Aelius
861 3115 1080 3188 quodcumque
1111 3132 1165 3188 per
1188 3132 1241 3171 aes
1272 3117 1305 3170 et
1326 3114 1439 3171 libram
1462 3113 1538 3187 geri·

366 3223 418 3277 tur
441 3223 490 3276 cet.
538 3213 688 3291 Verrius,
713 3214 779 3277 uisi
809 3214 846 3276 iu
870 3215 1081 3299 explicandis
1106 3216 1159 3279 his
1182 3214 1361 3279 uocabulis
1385 3215 1538 3279 diuersos

367 3317 523 3384 auctores
548 3324 685 3383 secutus
709 3321 809 3396 foret,
841 3324 932 3385 certe
956 3343 1026 3385 uon
1050 3322 1139 3385 binis
1163 3323 1247 3386 locis
1271 3323 1313 3386 de
1337 3322 1378 3385 iis
1402 3322 1537 3404 egisset.

366 3432 407 3491 ut
437 3447 518 3491 uero
543 3426 732 3491 Varronem
763 3428 885 3490 harum
916 3429 1107 3510 glossarum
1136 3432 1328 3492 statuamus
1353 3430 1537 3502 auctorem,
1622 3422 1625 3428 ’

367 3535 515 3598 suadent
540 3555 589 3610 ea,
615 3555 701 3616 quae
725 3535 797 3617 ipse
822 3535 864 3598 de
887 3535 998 3598 tribus
1023 3535 1198 3599 vocabulis
1223 3535 1381 3599 aVerrio
1405 3555 1540 3616 quoque

368 3640 547 3724 explicatis
573 3641 734 3703 disseruit
758 3643 831 3706 arte
856 3663 934 3705 cum
958 3642 1052 3706 Festi
1071 3641 1239 3725 Paulique
1263 3643 1377 3706 uerbis
1401 3661 1539 3705 conexa.

368 3748 450 3829 quid
475 3749 520 3810 sit
543 3768 668 3811 nexum
692 3748 801 3812 Varro
831 3749 882 3812 ita
909 3749 1075 3833 explicuit
1106 3746 1159 3828 (L.
1184 3749 1223 3812 L.
1251 3754 1278 3828 7,
1307 3749 1384 3831 105)
1415 3748 1541 3811 Nouum

369 3852 532 3917 Muuilius
556 3851 730 3934 (Laetus
749 3853 922 3918 Mamilius
938 3852 976 3936 F)
999 3853 1111 3919 scribit
1132 3876 1222 3920 cuiue
1244 3856 1327 3936 quod
1343 3875 1404 3935 peu
1427 3853 1542 3918 librum

370 3967 398 4024 el
420 3981 474 4024 aes
495 3959 626 4041 peritur,
650 3959 688 4023 iu
710 3981 770 4040 quo
794 3960 859 4024 siut
881 3960 1062 4042 uuuu'piuy·
1092 3961 1233 4042 Muciuc
1258 3983 1337 4042 quiue
1354 3982 1416 4042 per
1438 3980 1492 4024 ues
1515 3966 1543 4023 ei

369 4067 483 4130 librum
506 4069 588 4145 liuui
610 4073 645 4130 ut
667 4066 850 4148 obliquatur,
871 4074 1002 4149 praeter
1021 4089 1113 4149 quoru
1132 4066 1292 4153 (Spengel
1315 4089 1409 4148 quuuu
1426 4065 1542 4149 libri)

477 4240 497 4307 ¹)
518 4239 613 4293 Verba
631 4258 663 4293 ue
680 4242 840 4310 eiipurdiuuu
858 4244 977 4294 eiciatur
996 4242 1067 4310 apud
1088 4259 1172 4294 unum
1192 4241 1308 4294 Paulum
1334 4241 1470 4310 leguntur,
1497 4239 1543 4307 qui

370 4328 423 4380 alia
442 4346 473 4380 ac
491 4328 656 4382 Farnesinus
673 4331 789 4398 praebet
808 4331 941 4383 memoria
960 4348 1023 4383 usus
1043 4348 1100 4384 esse
1119 4330 1237 4398 uidetur,
1265 4348 1328 4383 cum
1347 4330 1429 4383 etiam
1448 4346 1543 4382 ueram

369 4417 516 4470 lectionem
535 4420 645 4483 ripuare
662 4420 794 4487 praebeat
812 4437 862 4487 pro
880 4423 1026 4487 resipuere,
1047 4420 1120 4486 quod
1139 4419 1168 4471 iu
1186 4418 1267 4474 Farn.
1287 4424 1335 4474 est.

478 4505 497 4572 ²)
517 4504 688 4575 Apographa
712 4509 846 4576 praebent
871 4510 985 4561 hou-dur
1010 4509 1053 4561 vel
1079 4510 1186 4574 hordia,
1214 4507 1287 4576 quod
1313 4511 1388 4561 recte
1407 4505 1545 4575 suppleuit

372 4593 527 4647 Waltherus
547 4599 631 4663 (apud
650 4599 742 4652 Muell.
769 4614 795 4665 p.
815 4599 886 4664 414).
