3670 5476
945 503 984 562 14

376 721 490 805 glossa
520 721 721 804 explicatur,
754 720 837 802 quid
868 719 913 784 sit
943 721 1152 803 portentum,
1184 717 1295 781 tribus
1319 737 1406 800 quae
1437 716 1549 780 subse·

377 831 503 891 cuntur
527 827 603 891 aliis
624 828 666 892 de
682 827 877 910 fulgoribus
897 825 1103 910 quibusdam
1127 825 1252 907 agitur,
1278 845 1365 908 quae
1389 826 1550 908 portenta

377 938 467 1012 sunt,
498 934 665 998 uidelicet
689 935 732 998 de
755 933 950 1018 fulgoribus
974 932 1182 1017 postulariis,
1215 931 1397 1016 pestiferis,
1423 951 1549 1015 perem-

377 1041 539 1126 ptalibus.
588 1044 691 1124 atque
716 1062 794 1104 cum
822 1041 965 1124 primam
996 1039 1093 1102 illam
1117 1039 1264 1122 glossam
1290 1039 1332 1102 ab
1357 1038 1459 1102 Ateio
1484 1038 1550 1101 dic-

376 1151 485 1212 tatam
517 1169 590 1212 esse
613 1148 902 1212 Reitzensteinius
934 1147 1174 1230 comprobarit,
1207 1167 1277 1232 non
1307 1148 1360 1209 est
1391 1166 1451 1209 cur
1482 1148 1550 1208 tres

377 1256 463 1319 alias
493 1277 513 1319 a
544 1254 712 1339 Capitone
748 1253 877 1318 alienas
909 1274 981 1318 esse
1017 1256 1226 1329 statuamus;
1263 1256 1367 1335 atque
1397 1253 1550 1316 Reitzen-

377 1363 520 1427 steinius
544 1365 638 1427 recte
655 1362 749 1439 fecit,
775 1361 866 1444 quod
883 1362 956 1424 has
970 1360 1101 1444 glossas
1125 1362 1298 1444 postremo
1321 1359 1375 1421 illi
1398 1359 1551 1423 reddidit

377 1491 447 1533 una
471 1491 547 1534 cum
573 1468 660 1546 aliis,
693 1490 776 1553 quas
800 1469 910 1552 primo
936 1467 1103 1532 Caecinae
1128 1468 1280 1531 dederat.
1304 1500 1348 1508 -
1372 1466 1474 1531 aliter
1497 1487 1550 1530 res

378 1597 413 1642 se
431 1577 583 1652 habebit,
610 1577 638 1639 si
654 1575 746 1640 unde
763 1576 903 1656 glossae,
929 1595 1016 1657 quae
1033 1575 1069 1636 in
1086 1574 1205 1657 primis
1229 1573 1423 1636 litterarum
1449 1574 1551 1657 parti·

378 1685 441 1747 bus
475 1682 649 1766 leguntur,
682 1683 849 1766 originem
878 1682 1063 1757 traxerint,
1100 1681 1264 1763 indagare
1299 1679 1467 1744 nolemus.
1514 1682 1551 1743 in

378 1810 516 1854 censum
540 1790 686 1854 ueniunt
709 1789 774 1852 hae
798 1789 949 1871 glossae:
975 1812 1004 1869 p.
1022 1793 1106 1865 12,5
1130 1794 1348 1852 Adtestata.
1396 1812 1426 1868 p.
1443 1793 1494 1862 75,
1511 1795 1550 1850 14

378 1903 491 1959 Dium
514 1902 662 1977 fulgur.
709 1921 739 1977 p.
757 1902 885 1970 129,16
907 1901 1132 1958 Manubiae.
1182 1919 1209 1976 p.
1229 1901 1303 1970 214,
1319 1902 1358 1957 22
1379 1901 1551 1976 Peremp-

378 2010 481 2067 talia
511 2009 687 2084 fulgura.
739 2028 769 2085 p.
788 2008 893 2078 229,1
921 2010 1164 2066 Ρ1000100111
1188 2008 1338 2082 fulgur.
1390 2027 1419 2083 p.
1439 2008 1549 2076 352,6

380 2109 653 2190 [Plrisulcum.
700 2131 788 2193 quae
812 2110 945 2193 glossae
970 2131 1087 2174 omnes
1108 2110 1257 2173 auctoris
1277 2110 1415 2174 nomine
1432 2112 1552 2174 carent

379 2221 516 2302 praeter
546 2239 660 2295 unam,
691 2239 793 2300 quam
823 2218 995 2300 integram
1026 2217 1199 2300 adponere
1230 2215 1333 2280 libet:
1365 2241 1395 2297 p.
1417 2222 1491 2291 214,
1510 2223 1550 2279 22

378 2331 656 2406 Peremptalia
694 2330 821 2404 fulgura
860 2329 996 2388 Graccus
1035 2331 1080 2387 ait
1118 2331 1238 2399 uocari,
1274 2347 1354 2404 quae
1392 2330 1552 2404 superiora

378 2438 504 2512 fulgura
534 2441 590 2495 aut
621 2430 667 2510 [ut
697 2430 768 2511 cod]
793 2441 939 2513 portenta
966 2439 998 2493 ui
1022 2456 1079 2495 sua
1102 2441 1268 2512 peremant
1291 2437 1413 2494 duobus
1438 2437 1550 2505 modis,

378 2545 532 2620 prioribus
566 2545 724 2613 tollendis,
757 2548 813 2602 aut
847 2545 963 2602 maiore
996 2545 1155 2614 manubia,
1191 2549 1226 2602 01
1257 2544 1351 2602 tertia
1383 2545 1550 2611 secundae,

379 2652 518 2708 secunda
553 2653 671 2725 primae
706 2653 806 2709 cedat.
860 2669 934 2708 nam
974 2656 1010 2708 ut
1048 2653 1154 2708 omnia
1192 2655 1380 2727 superentur
1417 2651 1551 2725 fulgure,

379 2759 423 2815 sic
445 2760 544 2815 ictum
570 2758 677 2832 fulgur
709 2758 933 2818 (molendas)
969 2758 1127 2815 manubiis
1157 2759 1242 2816 uinci
1253 2753 1283 2830 1).
1312 2787 1348 2795 -
1375 2752 1403 2816 01
1427 2773 1552 2816 001000

379 2857 527 2923 Gracchi
560 2862 653 2924 recte
684 2859 853 2923 traditum
880 2862 946 2936 est,
978 2881 1047 2922 non
1080 2859 1122 2923 de
1149 2859 1290 2923 tribuno
1322 2859 1432 2942 plebis
1465 2859 1553 2942 cogi-

378 2969 453 3030 tare
483 2965 575 3044 licet,
605 2967 702 3030 cuius
730 2989 771 3031 ex
800 2966 1013 3031 orationibus
1044 2966 1216 3030 uocabula
1245 2986 1483 3048 sermonesque
1515 2966 1552 3028 in

379 3071 496 3137 alteris
520 3076 658 3137 tantum
682 3073 876 3138 litterarum
908 3074 1064 3157 partibus
1096 3072 1321 3157 explicantur.
1368 3094 1448 3135 narn
1472 3055 1553 3137 talis

379 3179 563 3263 explicatio
595 3181 706 3264 qualis
737 3181 802 3244 hoc
833 3181 908 3244 loco
943 3180 1095 3254 effertur,
1130 3201 1150 3242 a
1181 3178 1382 3263 Sempronio
1414 3200 1551 3263 prorsus

381 3287 496 3351 aliena
521 3290 582 3351 est.
629 3289 773 3352 fuerunt
797 3288 856 3370 qui
879 3308 941 3371 pro
970 3286 1112 3350 Graecas
1135 3287 1321 3371 legendum
1346 3307 1417 3351 esse
1443 3307 1553 3352 cense-

379 3397 457 3458 rent
478 3392 625 3458 Grcnc'as
641 3389 696 3476 (cf.
714 3393 863 3459 Mueller
888 3394 931 3456 ad
956 3395 989 3457 h.
1007 3393 1029 3455 l.
1048 3398 1082 3457 et
1099 3394 1233 3458 Teuffel
1257 3389 1279 3476 ξ
1299 3399 1369 3470 199,
1384 3387 1425 3477 7).
1465 3415 1552 3477 quae

380 3500 511 3564 futtilis
535 3503 733 3566 coniectura
756 3501 845 3563 nihil
870 3521 931 3564 nos
955 3500 1071 3577 iuuat,
1097 3523 1186 3578 narn,
1212 3502 1278 3565 etsi
1298 3500 1405 3565 Grani
1428 3522 1554 3565 nomen

380 3608 448 3670 alio
470 3628 605 3690 quoque
629 3607 704 3672 loco
729 3607 879 3672 occurrit
896 3601 939 3690 (p.
954 3610 1029 3684 277,
1044 3603 1084 3687 6),
1111 3607 1207 3671 nullo
1232 3612 1436 3692 argumento
1461 3608 1552 3672 euin·

381 3715 470 3777 citur
506 3735 584 3778 eum
621 3715 662 3779 de
697 3714 893 3797 fulgoribus
924 3713 1116 3778 Etruscaue
1152 3714 1336 3799 disciplina
1370 3715 1553 3798 quicquam

379 3822 562 3886 tradidisse
574 3818 607 3903 2).
655 3823 714 3886 sed
739 3822 873 3886 etiamsi
894 3842 1020 3886 nomen
1042 3821 1136 3884 istud
1160 3821 1342 3886 restituere
1366 3822 1552 3898 nonlicet,

381 3931 499 3992 tamen
524 3930 705 3992 adfirmare
733 3928 815 3992 licet
845 3928 985 4011 glossas,
1010 3949 1095 4011 quas
1124 3929 1286 4007 indicaui,
1312 3950 1446 4012 semper
1476 3950 1554 3992 eum

379 4034 509 4098 talibus
533 4035 655 4119 glossis
681 4035 881 4099 coniunctas
906 4056 989 4112 esse,
1014 4057 1101 4119 quae
1125 4055 1197 4100 sese
1222 4036 1264 4100 ab
1290 4035 1398 4100 Aeliis
1420 4035 1553 4100 Stilone

486 4244 507 4312 ¹)
530 4244 586 4297 Pro
607 4247 726 4296 Graccus
751 4243 780 4296 in
805 4243 869 4298 edit.
888 4243 1060 4297 Thewrewki
1085 4245 1186 4314 legitur
1213 4246 1339 4312 Grapus;
1368 4262 1437 4312 quae
1463 4245 1552 4308 100110,

378 4333 443 4387 11001
461 4334 490 4387 10
508 4333 672 4404 apographis
684 4333 712 4386 X
725 4333 910 4400 quaternionis
924 4332 1087 4400 inueniatur,
1106 4350 1162 4385 non
1175 4333 1249 4385 aliud
1261 4351 1360 4387 nomen
1380 4333 1554 4387 commendat

379 4441 461 4491 quam
489 4422 615 4478 Gracchi.
652 4427 715 4491 post
741 4425 831 4476 omnia
855 4439 911 4475 non
935 4439 1045 4476 necesse
1071 4426 1111 4475 est
1139 4439 1201 4476 cum
1227 4423 1362 4477 Muellero
1388 4424 1553 4477 vocabulum

378 4515 468 4565 omina
491 4514 627 4581 supplere,
649 4528 768 4580 namque
782 4519 908 4580 portenta
926 4511 1143 4564 subaudiendum
1170 4516 1211 4565 est
1236 4512 1284 4582 (cf.
1302 4512 1401 4583 Regell
1418 4519 1553 4567 conrmcnt.

377 4619 441 4668 apoc.
461 4620 487 4670 p.
502 4605 544 4669 12,
558 4602 591 4668 9).

484 4691 504 4758 ²)
518 4688 559 4746 Of.
570 4692 807 4760 Iurispradanliae
819 4691 1033 4743 cntehadriaacc
1045 4707 1112 4757 quac
1123 4698 1266 4758 supersunt
1279 4692 1320 4747 ed.
1332 4691 1551 4760 Β1010011,260.
