3670 5476
870 403 909 488 al

306 641 561 705 commentariis
586 642 628 706 de
656 644 828 706 certorum
856 644 1035 705 auctorum
1063 640 1241 704 uocabulis
1269 640 1475 724 compositis,

303 748 339 810 in
363 748 486 831 quibus
516 747 688 811 uocabula
717 768 787 811 non
818 769 879 832 per
909 747 1044 812 litteras
1075 746 1251 830 disposita,
1283 747 1342 810 sed
1373 747 1408 809 ui
1440 751 1475 812 et

303 854 554 937 significatione
583 855 768 918 coniuncta
797 858 927 931 essent,
960 857 1139 938 praeterea
1169 853 1288 918 alteris
1318 854 1475 937 partibus

303 961 430 1025 multas
453 961 583 1045 glossas
608 961 787 1038 contineri,
812 982 897 1044 quas
914 961 1037 1026 Verius
1061 961 1097 1023 in
1118 961 1288 1045 prioribus
1305 961 1475 1025 omisisset

302 1069 338 1131 in
361 1068 546 1152 alterisque
570 1069 769 1133 addidisset.
809 1069 868 1133 sed
888 1068 1027 1132 omnino
1047 1068 1273 1132 discernenda
1291 1071 1374 1131 sunt
1393 1067 1474 1132 bina

301 1175 491 1258 glossarum
522 1196 658 1260 genera,
688 1197 796 1239 unum
827 1196 953 1252 earum,
985 1196 1073 1258 quae
1104 1196 1122 1240 e
1153 1174 1249 1238 libris
1276 1175 1474 1258 grammati·

302 1303 420 1346 corum
443 1283 695 1359 redundarunt;
728 1283 875 1348 alterum
906 1283 1055 1360 illarum,
1086 1302 1173 1365 quae
1203 1285 1285 1344 sunt
1315 1282 1358 1346 de
1388 1283 1473 1346 anti-

302 1389 435 1471 quitate
465 1389 642 1474 republica
672 1390 747 1454 uita
777 1390 875 1454 cultu
905 1389 1025 1474 populi
1047 1389 1204 1453 Romani.
1251 1389 1314 1452 has
1329 1372 1474 1473 glossas

302 1490 460 1560 Verrium
491 1517 560 1560 non
591 1517 611 1559 a
641 1496 874 1580 grammaticis
901 1499 1101 1560 mutuatum
1124 1516 1197 1560 esse
1221 1495 1302 1560 inde
1326 1499 1472 1574 constat,

300 1603 391 1684 quod
408 1603 591 1686 pleraeque
608 1607 719 1668 certos
736 1604 895 1668 efficiunt
910 1623 1031 1686 greges
1047 1606 1151 1686 atque
1168 1602 1313 1686 singulis
1329 1604 1472 1667 auctori·

299 1709 363 1773 bus
394 1710 564 1774 uindicari
594 1713 748 1793 possunt,
784 1710 883 1774 uelut
913 1710 1046 1794 glossae
1082 1710 1124 1774 de
1158 1709 1327 1786 tribubus,
1364 1711 1472 1792 portis

300 1817 404 1894 urbis,
426 1797 697 1900 cognominibus,
718 1817 870 1900 auguriis
886 1817 1056 1900 rebusque
1073 1816 1187 1881 sacris.
1227 1816 1472 1900 grammaticae

300 1943 381 1988 uero
404 1924 538 2007 glossae
555 1926 654 2006 unde
678 1928 835 2008 sumptae
866 1925 935 1988 sint
966 1924 1130 1987 continuo
1161 1925 1313 2007 apparet,
1345 1923 1406 1987 ubi
1429 1925 1472 1990 de

299 2032 445 2112 quodam
470 2031 641 2096 uocabulo
664 2033 756 2096 inter
782 2031 1023 2115 grammaticos
1048 2030 1282 2095 contrauersia
1306 2032 1389 2108 erat,
1414 2031 1472 2095 uel

299 2137 359 2200 ubi
390 2138 545 2203 diuersae
575 2139 738 2204 uocabuli
768 2138 947 2202 cuiusdam
978 2138 1247 2222 significationes
1277 2159 1297 2201 a
1327 2138 1472 2202 diuersis

298 2246 531 2327 grammaticis
554 2246 750 2310 illustratae
774 2249 883 2310 erant.
924 2248 1009 2309 tunc
1026 2245 1167 2310 Verrius
1190 2267 1259 2309 non
1277 2245 1379 2309 modo
1396 2267 1472 2330 poe·

298 2355 413 2416 tarum
437 2352 494 2417 uel
518 2357 694 2417 oratorum
718 2352 811 2417 locos
836 2353 948 2430 affert,
979 2352 1015 2415 in
1047 2352 1171 2436 quibus
1200 2353 1268 2416 ista
1298 2353 1472 2416 uocubula

298 2459 527 2542 reperiuntur,
541 2461 601 2524 scd
614 2461 719 2525 etiam
732 2460 944 2525 diuersorum
958 2459 1260 2542 grammaticorum
1271 2460 1471 2524 sententias.

298 2567 389 2647 quod
414 2566 532 2650 paucis
556 2567 721 2650 exemplis
745 2567 985 2650 comprobabo.

298 2713 328 2769 p.
348 2694 455 2764 375,3
486 2697 701 2754 Vacerram
736 2697 844 2754 Aelius
879 2701 911 2754 ot
945 2697 998 2754 alii
1032 2696 1208 2771 complures
1243 2697 1348 2754 uocari
1382 2698 1473 2754 aiunt

344 2803 494 2878 stipitem,
511 2804 552 2860 ad
568 2821 662 2878 quem
679 2821 775 2880 equos
792 2804 895 2860 solent
910 2804 1050 2878 religare,
1079 2805 1190 2861 Ateius
1203 2821 1278 2861 uero
1290 2803 1471 2878 Philologus

343 2909 402 2966 hoc
425 2911 553 2968 nomine
577 2911 746 2985 significari
769 2911 975 2968 maledictum
998 2927 1132 2985 magnae
1156 2911 1347 2980 acerbitatis,
1371 2914 1408 2967 ut
1431 2911 1473 2967 sit

342 3032 451 3074 uecors
476 3020 508 3074 et
531 3034 669 3075 uesanus
692 3021 774 3075 teste
798 3017 886 3074 Liuio
911 3061 918 3076 .
945 3061 951 3074 .
978 3061 985 3074 .

299 3141 328 3197 p.
351 3123 480 3192 141,20
510 3122 747 3182 Molucrum
769 3141 833 3182 non
864 3125 966 3182 solum
996 3141 1057 3199 quo
1087 3126 1188 3182 molae
1219 3127 1387 3182 uertuntur
1417 3115 1470 3200 (te-

343 3234 456 3289 runtur
478 3225 657 3306 apographo)
676 3233 799 3300 dicitur,
824 3233 857 3289 id
876 3232 960 3307 quod
976 3231 1087 3288 Graeci
1101 3226 1285 3308 μυληκόρον
1300 3225 1473 3304 (Salmasius

340 3333 493 3414 μύλικρον
516 3332 696 3412 apographa)
718 3340 889 3414 appellant,
921 3339 976 3395 sed
1007 3339 1102 3396 ctiam
1126 3342 1231 3395 tumor
1254 3339 1385 3407 uentris,
1416 3341 1469 3414 qui

341 3446 437 3502 ctiam
468 3446 643 3520 uirginibus
673 3446 810 3503 incidere
841 3447 921 3503 solet
953 3491 958 3503 .
986 3485 993 3500 .
1019 3489 1026 3502 .
1058 3444 1198 3503 Cloatius
1231 3446 1300 3510 <et
1322 3447 1469 3509 Aelius>

341 3553 436 3608 etiam
465 3553 499 3608 in
528 3553 615 3610 libris
640 3569 799 3610 sacrorum
822 3553 997 3610 molucrum
1022 3569 1091 3610 esse
1115 3552 1206 3610 aiunt
1228 3554 1350 3629 lignum
1374 3554 1470 3628 quod·

340 3658 413 3714 dam
437 3660 638 3733 quadratum,
662 3660 716 3716 ubi
739 3660 930 3717 immolatur.
965 3661 1050 3717 idem
1066 3661 1174 3718 Aelius
1196 3661 1229 3717 in
1247 3660 1466 3735 explanatione

339 3766 514 3822 carminum
539 3765 704 3824 Saliarium
728 3767 839 3824 eodem
870 3767 997 3824 nomine
1027 3767 1177 3842 appellari
1207 3767 1261 3836 ait,
1293 3767 1376 3842 quod
1407 3767 1465 3823 sub

339 3873 423 3929 mola
446 3877 651 3948 supponatur.
699 3873 845 3930 Aurelius
869 3872 992 3948 Opilius
1016 3873 1154 3948 appellat
1177 3874 1231 3931 ubi
1255 3875 1400 3932 molatur.

294 3998 324 4053 p.
345 3979 473 4048 16a14
497 3979 575 4038 Nec
598 3981 851 4040 coniunctionem
871 3981 1068 4056 grammatici
1092 3980 1158 4039 fere
1181 3982 1292 4039 dicunt
1314 3999 1384 4038 esse
1407 3981 1467 4037 dis·

338 4086 523 4155 lunaticam,
548 4091 598 4145 ut:
630 4105 702 4146 neo
725 4089 828 4163 legit
851 4105 922 4146 nec
946 4087 1111 4156 scribit,
1140 4105 1212 4145 cunr
1236 4089 1262 4144 si
1287 4089 1467 4163 diligentius

338 4193 531 4267 inspiciatur,
548 4199 584 4252 ut
600 4195 676 4252 lecit
691 4194 818 4252 Sinnius
835 4194 956 4271 Capito,
973 4195 1112 4269 intellegi
1130 4196 1230 4270 possit
1246 4212 1317 4252 eam
1332 4196 1467 4270 positam

337 4317 406 4356 esse
430 4301 469 4357 ab
493 4301 631 4375 antiquis
655 4318 710 4375 pro
735 4319 808 4370 non,
836 4306 872 4359 ut
895 4306 928 4359 et
949 4303 982 4358 in
1001 4301 1063 4358 XII
1087 4306 1136 4360 est
1153 4303 1217 4363 <V
1237 4303 1282 4359 7b
1299 4296 1465 4366 Brunsi>:

336 4410 401 4463 ast
430 4408 465 4463 ei
489 4409 629 4463 custos
654 4424 724 4465 nec
748 4410 862 4466 escit.
909 4409 985 4466 item
1012 4409 1122 4466 <VIII
1143 4409 1232 4474 lb>z
1265 4410 1297 4466 si
1325 4409 1469 4465 odorat

336 4513 466 4583 furto,
491 4513 594 4589 quod
614 4531 685 4572 nec
705 4515 970 4572 manifestum
991 4517 1080 4573 erit.
1113 4519 1145 4572 et
1164 4516 1248 4589 apud
1268 4516 1416 4573 Plautum
1436 4516 1468 4571 in
