3670 5476
928 417 969 473 30

358 633 475 701 scribit,
507 633 557 690 cui
588 634 675 689 unda
706 632 824 690 Oceani
854 633 943 690 uelut
975 633 1071 706 dapes
1103 633 1272 691 ministrat.
1330 635 1401 691 ideo
1436 634 1531 702 enim,

334 795 336 800 ,
358 741 439 798 sicut
463 743 495 797 et
518 739 769 797 Posidonius
791 743 826 796 'et
849 738 1072 796 Cleanthes
1097 740 1277 810 adfirmant,
1309 742 1383 798 solis
1407 744 1531 798 meatus

358 864 376 904 a
400 847 502 921 plaga,
534 864 614 921 quae
638 849 711 904 usta
734 847 857 914 dieitur,
889 862 953 903 non
983 847 1111 914 recedit,
1143 828 1217 921 quia
1248 848 1306 904 sub
1336 848 1406 922 ipsa
1436 848 1533 904 currit

358 952 513 1022 Oceanus,
538 954 591 1029 qui
614 957 731 1010 terram
755 957 787 1010 et
809 953 910 1010 ambit
933 956 965 1009 et
989 953 1112 1010 diuidit.
1134 981 1170 989 -
1193 951 1349 1025 restaret,
1374 951 1414 1010 ut
1433 969 1532 1030 quae·

356 1057 500 1132 reretur,
532 1074 619 1137 quae
649 1054 738 1118 ratio
769 1053 1002 1118 intercesserit
1032 1055 1125 1118 inter
1149 1053 1369 1118 Cornificium
1394 1057 1532 1138 poetam

357 1165 393 1226 et
417 1160 638 1225 Cornificium
655 1160 788 1242 Vergili
818 1162 1084 1225 obtrectatorem
1115 1164 1150 1225 et
1181 1164 1274 1225 hunc
1298 1160 1530 1225 Cornificium.

357 1288 444 1350 quae
477 1267 672 1351 disquisitio
704 1289 781 1332 cnm
813 1268 915 1332 nimis
946 1268 1109 1332 intricata
1141 1268 1186 1332 sit
1218 1289 1328 1351 neque
1355 1269 1400 1331 ad
1428 1269 1529 1332 finem

357 1375 499 1459 perduci
522 1375 639 1458 possit,
665 1375 731 1438 nisi
755 1375 830 1458 quis
850 1376 965 1439 omnia
985 1375 1027 1439 de
1047 1374 1100 1438 his
1121 1375 1205 1438 uiris
1224 1375 1425 1439 testimonia
1444 1395 1530 1438 com·

357 1482 511 1565 posuerit
534 1483 722 1547 excusserit
745 1482 975 1566 perpenderit,
1009 1503 1078 1545 non
1106 1503 1258 1546 mearum
1283 1482 1432 1566 partium
1457 1501 1530 1544 esse

357 1589 446 1652 duco
470 1590 512 1652 de
537 1591 601 1652 hac
625 1610 661 1653 re
686 1591 751 1653 hoc
775 1589 850 1653 loco
874 1589 1056 1672 quicquam
1082 1592 1244 1652 statuere.

923 1873 961 1934 II

423 2003 479 2062 DE
503 2000 609 2062 BINlS
633 2000 922 2062 SlNGVLARVM
946 2000 1226 2061 LITTERARVM
1251 2000 1457 2061 PARTIBVS

462 2128 515 2192 De
546 2128 738 2211 glossarum
770 2127 995 2192 societatibus
1027 2127 1188 2211 quoniam
1220 2127 1303 2191 satis
1335 2127 1528 2211 disputasse

356 2235 441 2298 mihi
468 2234 598 2311 uideor,
630 2235 745 2298 facere
777 2256 847 2297 non
877 2255 1025 2318 possum,
1057 2234 1141 2316 quin
1172 2235 1214 2298 de
1234 2234 1334 2298 Verri
1364 2234 1527 2298 librorum

356 2341 604 2425 compositione
636 2341 746 2424 deque
777 2342 921 2417 ratione,
953 2362 1040 2424 quae
1071 2341 1163 2405 inter
1190 2341 1289 2420 binas
1315 2340 1527 2423 singularum

355 2448 550 2513 litterarum
585 2451 701 2532 partes
735 2448 938 2526 intercedat,
974 2450 1087 2512 denuo
1122 2448 1334 2528 quastionem
1371 2467 1527 2511 moneam

355 2575 437 2620 sane
466 2555 676 2619 intricatam.
729 2577 810 2619 nam
845 2556 929 2620 haec
963 2555 1157 2638 disquisitio
1187 2558 1259 2618 tam
1290 2555 1431 2618 incertis
1461 2557 1528 2616 sta·

355 2662 456 2725 bilita
490 2665 542 2726 est
576 2663 822 2740 fundamentis,
862 2666 902 2725 ut
941 2662 970 2726 si
1008 2662 1067 2744 qui
1105 2662 1160 2725 uir
1195 2662 1317 2726 doctus
1352 2682 1449 2725 suam
1485 2661 1527 2724 de

355 2790 395 2834 ea
426 2769 634 2833 senteutiam
664 2769 803 2847 tulerat,
836 2790 904 2833 non
936 2769 1087 2833 defuerit
1118 2769 1215 2845 alter,
1247 2768 1308 2851 qui
1336 2769 1425 2832 hanc
1456 2787 1526 2832 sen-

353 2876 508 2942 tentiam,
523 2875 785 2959 improbandam
815 2877 967 2940 duceret.
1015 2896 1053 2939 ac
1079 2875 1267 2940 Muellerus
1290 2875 1429 2957 quidem
1454 2895 1527 2938 cen·

354 2983 452 3047 sebat
483 2982 609 3048 alteras
640 2983 836 3047 litterarum
867 2987 982 3067 partes
1005 3004 1075 3047 non
1099 2983 1265 3060 aVerrio,
1296 2982 1355 3046 sed
1379 3003 1401 3045 a
1424 2981 1526 3046 Festo

355 3090 561 3174 compositas
574 3090 807 3172 Verrianoque
824 3090 920 3174 operi
935 3090 1072 3153 additas
1089 3109 1172 3154 esse.
1212 3092 1301 3154 hanc
1318 3088 1524 3153 sententiam

354 3197 643 3262 Reitzensteinius
666 3197 797 3262 refellit
821 3197 1088 3262 demonstrando
1119 3197 1246 3261 alteras
1274 3199 1389 3280 partes
1420 3216 1527 3278 aeque

355 3324 394 3367 ac
407 3304 537 3387 priores
553 3303 703 3368 aVerrio
717 3308 897 3388 congestas
910 3324 990 3368 esse.
1016 3325 1103 3387 quae
1115 3303 1421 3368 Reitzensteinium
1433 3305 1527 3366 recte

355 3410 511 3474 docuisse
535 3431 613 3474 cum
637 3411 795 3474 omnibns
825 3411 894 3474 iam
925 3431 1125 3495 persuasum
1155 3410 1209 3487 sit,
1242 3410 1344 3474 alteri
1374 3409 1524 3473 eiusdem

354 3518 547 3581 sententiae
587 3517 671 3581 fides
710 3519 910 3600 denegatur.
968 3538 1116 3600 namque
1155 3517 1382 3581 contenderat
1421 3515 1526 3580 etiam

283 3689 284 3696 ,
356 3623 525 3700 Verrium,
562 3645 639 3688 cum
671 3624 811 3708 glossas,
843 3645 927 3707 quas
958 3624 1155 3708 collegerat,
1192 3625 1390 3708 disponeret
1420 3627 1455 3687 et
1489 3623 1525 3684 in

354 3730 511 3818 ordinem·
521 3731 704 3814 redigeret,
723 3735 832 3795 morte
845 3752 1045 3815 oppressum
1058 3751 1146 3808 esse;
1168 3752 1234 3814 quo
1246 3731 1389 3806 factum,
1403 3733 1525 3792 utnon

354 3857 471 3901 omnes
495 3837 741 3922 explicationes
765 3859 865 3902 suum
892 3841 1101 3923 occuparent
1128 3838 1252 3914 locum,
1281 3839 1340 3901 sed
1364 3857 1524 3920 magnam

354 3964 455 4028 saepe
487 3948 618 4028 partem
650 3945 687 4008 in
717 3946 819 4010 finem
852 3946 989 4010 litterae
1021 3966 1102 4010 suae
1133 3946 1309 4009 coniectae
1333 3947 1411 4028 post
1427 3943 1523 4007 Verri

354 4054 499 4114 mortem
523 4073 599 4116 curn
625 4053 748 4116 ceteris
771 4053 1059 4136 explicationibus
1083 4054 1277 4118 ederentur.
1323 4051 1409 4115 talia
1433 4051 1525 4114 adse·

354 4158 490 4221 neranti
507 4158 689 4222 oblocutus
708 4162 761 4223 est
777 4157 939 4232 Goetzius
950 4156 982 4242 ¹),
1007 4161 1178 4242 aliamque
1197 4159 1281 4222 tulit
1300 4157 1523 4223 sententiam:

354 4264 483 4347 priores
522 4264 717 4328 litterarum
756 4269 871 4350 partes
910 4270 1091 4350 congestas
1130 4286 1202 4330 esse
1237 4287 1255 4330 e
1291 4264 1524 4348 compluribus

353 4371 544 4454 glossarum
568 4372 664 4436 libris
688 4394 749 4457 per
772 4374 928 4438 ordinem
952 4374 1146 4438 litterarum
1171 4373 1323 4456 digestis,
1355 4372 1482 4435 alteras
1506 4392 1524 4434 e

460 4582 482 4646 ¹)
500 4583 624 4635 Ber-liner
640 4583 735 4651 philol.
757 4584 965 4649 Wocbenscbrift
984 4588 998 4640 7
1022 4583 1114 4650 (1887)
1142 4600 1167 4650 p.
1189 4585 1265 4637 1152.
