3670 5476
864 513 905 572 35

408 727 435 784 1.
453 722 610 787 Verrium
629 724 671 788 de
684 724 933 807 orthographia
948 745 1083 809 quoque
1096 726 1270 810 scripsisse
1284 727 1468 793 Suetonius

299 849 380 893 casu
402 830 550 912 quodem
573 830 693 894 scribit
713 826 761 907 (de
781 851 916 912 91011101.
937 838 986 895 19.
1007 855 1039 916 p.
1063 837 1131 911 114,
1150 839 1187 897 16
1205 832 1263 916 iij:
1289 841 1468 900 Scribonius

298 943 516 1016 Aphrodisius,
540 937 663 1021 inquit,
689 943 787 1001 Orbili
812 962 922 1001 seruus
946 950 1041 1021 atque
1065 947 1237 1022 discipulus
1262 967 1334 1006 11101
1358 967 1377 1006 0
1392 949 1468 1006 Scri·

298 1049 393 1106 110010
416 1051 543 1108 Libonis
567 1051 640 1119 lilia,
672 1069 752 1126 quae
775 1053 859 1126 prior
881 1053 1019 1127 Augusti
1042 1071 1120 1111 uxor
1142 1054 1255 1125 fuerat,
1287 1057 1469 1132 redemptus

298 1160 331 1214 01
354 1159 568 1215 manumissus
593 1159 700 1216 (100011
722 1176 784 1234 quo
800 1158 927 1216 Verrius
955 1163 1106 1235 tempore,
1137 1163 1226 1218 cuius
1257 1163 1353 1220 etiam
1383 1164 1469 1221 libris

299 1266 338 1322 de
362 1266 583 1341 orthographia
607 1267 767 1341 rescripsit
796 1283 860 1323 non
884 1267 951 1324 01110
975 1268 1182 1326 insectatione
1206 1271 1383 1327 studiorum
1407 1289 1470 1329 mo·

299 1390 431 1448 rumque
454 1374 530 1430 eius.
579 1368 644 1431 hoc
666 1368 866 1432 testimonio
898 1371 1054 1453 apertum
1080 1389 1152 1433 0000
1177 1370 1316 1434 uidetur
1339 1373 1471 1455 Aphro-

299 1473 423 1537 disium
449 1474 561 1537 minus
586 1495 625 1539 ea
646 1496 781 1539 curasse
798 1496 885 1558 quae
899 1476 1038 1540 Verrius
1056 1477 1098 1540 de
1114 1477 1362 1568 orthographia
1378 1501 1470 1563 prae-

300 1585 447 1664 ceperat,
479 1582 538 1645 sed
562 1582 643 1646 inde
668 1603 805 1646 causam
831 1584 1024 1666 sumpsisse,
1056 1587 1096 1647 ut
1120 1585 1155 1646 in
1173 1585 1342 1663 Verrium,
1375 1588 1472 1650 cuius

300 1689 501 1753 auctoritati
517 1689 663 1754 fortasse
680 1690 870 1767 inuidebat,
889 1690 1137 1755 Graeculorum
1153 1712 1247 1757 more
1260 1693 1489 1758 nebulonum*

300 1796 456 1860 acerbius
479 1796 712 1861 inueheretur.
752 1798 892 1862 minime
914 1798 1023 1881 igitur
1047 1819 1087 1863 ex
1106 1798 1209 1862 huius
1229 1800 1377 1864 hominis
1397 1822 1472 1865 con·

300 1904 400 1968 uiciis
430 1904 593 1987 colligere
623 1904 706 1968 11001
736 1901 822 1968 alio's
853 1925 987 1988 quoque
1010 1904 1109 1969 Verri
1139 1907 1298 1989 aequales
1329 1909 1402 1972 eius
1430 1910 1472 1973 de
1551 1886 1554 1892 ¹

300 2012 549 2096 orthographia
572 2012 679 2077 libros
702 2013 923 2096 improbasse.
970 2034 1048 2076 nam
1081 2034 1160 2077 cum
1190 2015 1389 2097 posterioris
1421 2037 1472 2080 ae-

300 2119 384 2182 tatis
408 2119 623 2202 grammatici
647 2120 773 2203 passim
791 2120 890 2184 Verri
913 2120 950 2182 in
973 2119 1076 2184 rebus
1107 2120 1151 2183 ad
1181 2124 1275 2185 recte
1300 2122 1473 2187 scribendi

301 2228 468 2290 rationem
489 2227 744 2310 pertinentibus
763 2228 1004 2292 auctoritatem
1025 2231 1222 2310 sequantur,
1248 2249 1316 2292 non
1341 2232 1394 2294 est
1413 2252 1474 2294 cur

302 2334 461 2416 aequales
477 2334 568 2398 idem
585 2335 707 2399 fecisse
723 2355 897 2417 negemus.
938 2357 956 2399 e
973 2335 1119 2418 posteris
1135 2336 1283 2418 quidem,
1305 2340 1474 2419 quantum

302 2441 414 2515 uideo,
440 2441 625 2505 Suetonius
656 2443 786 2526 primus
815 2444 852 2505 in
882 2443 937 2505 his
960 2443 1062 2508 rebus
1086 2462 1121 2506 se
1145 2443 1189 2506 ad
1206 2442 1305 2508 Verri
1329 2445 1474 2508 auctori-

301 2550 410 2612 tatem
441 2547 576 2613 confert
606 2545 647 2633 (p.
665 2554 739 2626 354,
757 2555 855 2612 1-5
873 2543 937 2631 a).
995 2569 1074 2614 eum
1113 2549 1237 2613 deinde
1277 2550 1379 2613 multi
1414 2551 1474 2614 alii

302 2655 519 2738 grammatici
542 2657 652 2720 secuti
676 2660 767 2720 sunt.
821 2658 880 2720 sed
911 2657 979 2720 iarn
1011 2657 1047 2719 in
1078 2677 1191 2721 aream
1224 2657 1472 2735 descendimus,

302 2763 338 2825 in
377 2783 445 2846 qua
480 2764 548 2826 iam
586 2764 718 2848 pridem
749 2764 816 2828 uiri
851 2765 946 2829 docti
978 2785 1103 2847 magna
1139 2785 1215 2828 cum
1252 2766 1474 2829 contentione

304 2871 525 2934 desudarunt.
561 2875 665 2954 atque
682 2873 869 2956 speciosam
886 2851 1024 2955 quidem
1043 2872 1080 2934 in
1099 2872 1164 2935 hac
1183 2892 1220 2935 re
1240 2872 1473 2936 coniecturam

303 2979 450 3062 protulit
466 2979 654 3063 Schadyus,
674 3001 777 3063 quarn
793 3000 920 3063 magna
936 2981 1217 3064 argumentorum
1234 2978 1270 3041 ui
1287 2979 1473 3044 defendere

303 3088 446 3149 conatus
464 3090 515 3150 011
527 3081 558 3167 ¹).
594 3087 800 3151 sententiam
819 3107 914 3150 suam
932 3083 1026 3151 hisce
1043 3085 1201 3169 concepit
1217 3086 1332 3150 uerbis
1349 3083 1392 3169 (p.
1405 3081 1472 3169 49):

303 3199 469 3256 Tractatus
493 3200 532 3257 de
556 3200 778 3276 orthographia
801 3201 854 3275 qui
877 3201 910 3256 in
926 3200 1005 3256 Mari
1018 3199 1169 3256 Victorini
1185 3202 1252 3255 arte
1268 3201 1475 3273 grammatica

303 3306 464 3364 inuenitur
487 3308 568 3364 male
591 3308 735 3365 confecta
758 3309 894 3382 epitome
918 3307 1077 3381 amplioris
1102 3306 1141 3362 de
1165 3306 1387 3380 orthographia
1405 3308 1476 3364 libri

303 3431 495 3489 quamquam
511 3415 736 3472 additamentis
752 3401 885 3472 aliunde*
896 3414 1072 3488 desumptis
1089 3430 1152 3470 non
1164 3417 1250 3470 caret
1266 3414 1476 3472 existimanda

303 3525 361 3579 est.
391 3525 485 3596 atque
501 3522 596 3579 libros
611 3522 663 3579 ille
680 3523 834 3596 excerpsit
846 3521 935 3578 Verri
948 3522 1037 3579 Facci
1054 3522 1093 3578 de
1110 3521 1340 3596 orthographia.
1366 3522 1476 3579 codem

302 3633 428 3686 auctore
456 3630 607 3686 Annaeus
632 3627 803 3698 Cornutus,
832 3630 996 3687 Terentius
1032 3628 1178 3697 Scaurus,
1210 3627 1318 3685 Velius
1349 3629 1475 3704 Longus

303 3737 469 3811 scriptores
494 3737 735 3813 orthographici,
760 3735 973 3807 Quintilianus
993 3737 1025 3792 in
1044 3736 1082 3792 iis
1102 3736 1257 3809 capitibus
1277 3735 1347 3792 libri
1363 3737 1387 3804 Ι,
1412 3738 1476 3811 qui·

302 3844 362 3900 bus
381 3844 420 3901 de
439 3845 532 3902 rebus
554 3844 801 3920 orthographicis
822 3845 888 3918 agit
906 3837 972 3914 (IV,
985 3843 1039 3911 VI,
1054 3836 1126 3913 VII)
1148 3842 1196 3898 usi
1218 3845 1309 3899 sunt:
1335 3844 1476 3900 omnium

303 3952 345 4009 ad
374 3953 510 4009 auctoris
540 3952 637 4009 uerba
667 3953 807 4027 proxime
842 3951 989 4008 accedere
1019 3951 1138 4007 Marius
1162 3950 1341 4006 Victorinus
1373 3952 1476 4008 existi·

303 4061 439 4117 mandus
463 4064 521 4117 est.
569 4075 609 4118 en
642 4053 708 4117 tibi
738 4054 832 4117 aliud
857 4073 943 4136 opus
959 4052 1163 4116 Verrianum
1195 4055 1394 4135 excerptum
1418 4052 1477 4115 im·

303 4161 556 4244 minutumquel
575 4161 753 4245 Schadyus
765 4161 974 4224 sententiam
987 4180 1082 4222 suam
1095 4159 1308 4241 argumentis
1322 4158 1477 4224 stabilire

304 4269 369 4332 sibi
390 4269 530 4332 uidetur
553 4269 737 4353 praecipue
761 4289 779 4332 e
803 4268 924 4351 glossis
941 4267 1116 4330 Verrianis
1139 4267 1267 4350 petitis.
1300 4270 1477 4350 comparat

304 4377 394 4440 enirn
419 4377 510 4440 inter
534 4396 569 4439 se
586 4375 757 4440 Victorini
782 4376 914 4440 dictata
944 4379 979 4439 et
1010 4374 1105 4437 haud
1137 4395 1264 4458 paucas
1295 4373 1426 4457 glossas
1457 4396 1478 4437 0

412 4622 736 4691 1)1101111111710101101
760 4623 861 4674 iibriI
883 4623 968 4688 capite
986 4622 1031 4673 IV
1053 4620 1123 4688 quod
1149 4619 1308 4671 inscribitur
1333 4620 1363 4672 da
1388 4621 1478 4672 orito-

302 4712 423 4778 graphio
436 4728 507 4779 pars
525 4712 549 4768 Ι.
585 4712 699 4766 Βο01100
719 4714 796 4768 1869.

1226 4798 1265 4856 2*
