3670 5476
937 453 977 512 32

414 667 561 724 Fasmate
575 673 603 729 <
617 665 738 734 240>
765 686 831 726 nec
852 673 952 726 recte
973 670 1004 725 si
1023 670 1082 726 illi
1100 671 1241 726 dixeris
1269 675 1301 727 et
1316 671 1491 746 Turpilium
1507 672 1541 728 in

413 775 586 832 Demetrio:
612 792 678 832 nec
702 778 803 859 recte
826 776 901 832 dici
918 776 1018 845 mihi,
1042 777 1140 851 quod
1163 777 1394 834 iamdudum
1418 778 1539 838 audio.

475 875 581 939 Plura
604 876 759 960 exempla
783 877 950 960 praebent
973 877 1123 960 glossae:

369 1007 398 1064 p.
419 989 524 1057 166,2
549 989 711 1046 Nacoae.
747 1007 777 1063 p.
799 991 903 1057 16116
929 989 1114 1047 Nauoum.
1155 1009 1184 1064 p.
1206 991 1278 1059 170,
1295 991 1333 1047 18
1358 991 1538 1049 Numero.

413 1114 442 1169 p.
458 1095 532 1164 257,
547 1096 588 1153 24
613 1094 897 1170 Querqueram.
1599 1106 1603 1111 '

475 1196 572 1260 Haeo
596 1197 638 1261 de
655 1196 825 1280 prioribus
842 1197 1037 1262 litterarum
1057 1199 1224 1282 partibus·
1263 1199 1300 1260 in
1320 1199 1438 1262 alteris
1457 1219 1539 1262 uero

368 1302 524 1386 partibus
540 1304 689 1386 primurn
709 1304 848 1386 quidem
870 1304 1066 1368 inuenimus
1091 1325 1191 1388 saepe
1211 1305 1396 1389 productos
1415 1305 1539 1388 glossa·

367 1431 442 1472 rum
476 1411 692 1492 quarundam
722 1414 946 1495 cognatarum
977 1412 1123 1488 ordines,
1160 1433 1304 1494 quarum
1338 1415 1472 1476 ceterae
1502 1413 1538 1474 in

368 1517 538 1600 prioribus
555 1517 711 1600 partibus
731 1521 821 1580 sunt.
861 1518 896 1581 id
913 1520 1046 1582 facturn
1062 1519 1220 1583 uidemus
1237 1520 1279 1582 de
1295 1518 1426 1602 glossis,
1452 1539 1538 1600 quae

367 1626 449 1686 sunt
466 1624 508 1688 de
521 1624 711 1707 prouerbiis
728 1628 769 1705 (p.
787 1631 887 1699 149,2
905 1631 1069 1688 MANVM.
1101 1650 1131 1705 p.
1146 1632 1271 1699 261‚29
1289 1630 1402 1702 QVOT
1417 1632 1536 1688 serui.

368 1755 396 1811 p.
416 1737 489 1804 333,
507 1737 545 1794 ro
562 1735 688 1793 niuno
708 1734 867 1806 canterio),
889 1733 931 1795 de
947 1732 1107 1795 tribubus
1125 1735 1165 1812 (p.
1181 1739 1254 1807 333,
1269 1738 1288 1796 3
1312 1736 1536 1795 nourrius.

366 1862 396 1918 p.
412 1845 485 1912 233,
498 1844 537 1901 10
554 1844 731 1902 PAPIRIA.
756 1863 785 1919 p.
801 1845 875 1912 233,
886 1846 923 1901 21
943 1845 1122 1902 PVPINIA.
1147 1863 1177 1918 p.
1193 1845 1267 1913 233,
1278 1845 1318 1902 25
1335 1843 1536 1901 POPILLIA.

365 1969 395 2024 p.
415 1951 488 2020 343,
504 1953 543 2007 33
562 1949 743 2008 soleria.
784 1970 813 2027 p.
833 1951 907 2020 343,
922 1952 962 2008 33
980 1951 1243 2009 33333333.
1280 1970 1310 2025 p.
1329 1951 1403 2019 343,
1418 1952 1456 2008 31
1476 1950 1537 2008 sn-

365 2058 530 2114 BATINA.
578 2076 607 2131 p.
634 2059 708 2126 367,
729 2058 767 2114 16
798 2058 1081 2116 TROMENTINA.
1129 2077 1159 2132 p.
1186 2058 1317 2127 368,11
1345 2056 1538 2114 VRBANAS

365 2160 529 2232 tribus),
555 2159 597 2223 (13
621 2155 754 2223 coronis
777 2162 817 2240 (p.
834 2165 913 2234 57,7
928 2161 1173 2233 casianum),
1199 2159 1241 2223 (13
1258 2159 1537 2242 praenominibus

366 2269 406 2346 (p.
424 2271 546 2340 148,16
572 2267 752 2339 menits),
782 2266 824 2329 de
845 2266 1105 2349 cognominibus
1124 2268 1164 2347 (p.
1184 2271 1290 2339 57,13
1316 2270 1535 2328 CAESONES.

365 2396 394 2452 p.
411 2377 513 2446 57,14
538 2377 698 2435 333333
731 2397 761 2453 p.
776 2377 879 2447 3333
899 2374 1139 2446 possvmvs),
1164 2374 1207 2436 de
1226 2373 1362 2437 aeribus
1376 2375 1416 2453 (p.
1433 2379 1484 2447 34,
1497 2380 1535 2435 12

366 2484 648 2542 CONTRARIVM.
696 2504 725 2561 p.
748 2486 855 2554 6313
887 2485 1154 2545 CAPITARIVM.
1201 2503 1231 2559 p.
1251 2485 1377 2553 285,21
1404 2484 1537 2542 RESIG·

364 2592 520 2650 NATVM.
556 2611 586 2666 p.
605 2592 679 2661 345,
695 2593 735 2650 33
753 2586 1086 2664 SACRAMENTVM).
1124 2585 1228 2650 simili
1245 2587 1346 2649 modo
1363 2586 1399 2648 in
1416 2586 1535 2650 alteris

363 2693 559 2758 litterarum
579 2693 736 2777 partibus
758 2695 997 2777 producuntur
1018 2693 1160 2778 glossae,
1186 2714 1273 2775 quae
1297 2695 1379 2756 sunt
1403 2694 1445 2757 dc
1470 2712 1536 2757 oer-

362 2804 477 2864 torum
508 2803 687 2864 auctorum
718 2800 820 2865 certis
850 2800 943 2864 locis.
997 2821 1066 2864 non
1097 2800 1173 2863 dico
1204 2800 1269 2863 hoc
1300 2800 1375 2863 loco
1406 2799 1536 2884 glossas

365 2907 544 2980 Plautinas
567 2907 625 2971 uel
649 2906 824 2971 Ennianos
847 2907 904 2971 uel
929 2905 1148 2982 Catonionas,
1180 2927 1326 2988 quarum
1356 2907 1392 2968 in
1416 2906 1535 2970 alteris

364 3013 519 3098 partibus
552 3014 669 3096 magni
701 3014 928 3077 inueniuntur
961 3033 1091 3098 greges,
1127 3014 1187 3076 sed
1220 3013 1359 3096 glossas,
1396 3034 1483 3096 quae
1517 3034 1534 3076 3

362 3121 592 3184 recentiorum
616 3120 743 3184 libellis
767 3120 924 3184 sublatae
949 3124 1044 3184 sunt.
1087 3121 1134 3184 sic
1165 3120 1299 3202 glossae
1323 3119 1533 3196 Lucilianae,

363 3227 600 3304 Lucretianae‚
614 3227 833 3311 Vergilianae
857 3248 993 3310 sparsae
1010 3248 1070 3311 per
1086 3231 1249 3309 utrasque
1269 3226 1403 3291 litteras
1419 3227 1535 3310 legun-

362 3339 430 3398 tur.
477 3335 620 3411 accedit,
657 3336 748 3416 qnod
784 3335 888 3399 etiarn
923 3335 960 3396 in
995 3334 1113 3398 alteris
1148 3333 1344 3397 litterarum
1379 3334 1536 3417 partibus

363 3442 549 3506 eorundem
573 3442 876 3523 grammaticorum
906 3441 1115 3517 testimonia,
1152 3461 1297 3524 quorum
1328 3441 1535 3504 auctoritate

362 3549 398 3610 in
423 3548 593 3632 prioribus
617 3549 772 3631 partibus
789 3549 929 3613 Verrius
953 3569 1034 3611 usus
1059 3551 1142 3625 erat,
1173 3549 1209 3610 in
1234 3549 1384 3612 medium
1408 3548 1535 3631 profer·

363 3659 484 3718 untur:
517 3679 549 3738 p.
568 3659 675 3732 234,5
700 3656 780 3719 Α311
804 3655 947 3718 Stilonis
971 3655 1155 3739 explicatio
1183 3655 1320 3738 legitur,
1353 3678 1385 3738 p.
1406 3659 1477 3731 146,
1492 3659 1534 3717 20

362 3765 398 3826 et
424 3760 552 3838 147,13
577 3745 729 3826 eiusdem
754 3766 789 3826 et
808 3761 902 3846 Opili
921 3763 1109 3826 auotoritas
1132 3763 1328 3838 adhibetur,
1353 3785 1385 3845 p.
1404 3766 1478 3839 343,
1492 3766 1534 3823 25

362 3869 464 3932 aliam
483 3869 576 3953 Opili
600 3869 864 3954 explicationem
887 3869 1093 3933 inuenirnus.
1128 3890 1216 3951 quae
1240 3869 1268 3932 si
1291 3869 1406 3932 omnia
1424 3868 1534 3933 nobis·

362 3996 439 4038 oum
463 3977 747 4061 reputauerimus,
779 3977 839 4038 uix
866 3977 941 4040 fieri
964 3976 1102 4059 poterit,
1134 3976 1233 4038 utin
1257 3975 1378 4040 Goetzi
1402 3979 1534 4040 senten·

361 4083 446 4145 tiam
479 4084 704 4148 discedamus.
758 4105 838 4147 narn
870 4083 899 4146 si
930 4084 1015 4147 haec
1043 4083 1216 4147 sententia
1247 4086 1364 4159 staret,
1396 4103 1534 4148 necesse

362 4193 451 4253 esset
475 4191 584 4254 maius
609 4191 792 4255 discrimen
815 4191 907 4254 inter
930 4190 1061 4273 priores
1085 4193 1120 4254 et
1144 4190 1270 4254 alteras
1295 4193 1408 4273 partes
1431 4190 1533 4253 inter·

363 4296 482 4361 cedere
506 4317 616 4380 neque
640 4297 828 4380 glossarum
854 4298 890 4359 in
915 4297 1041 4361 alteras
1064 4300 1178 4381 partes
1198 4297 1438 4360 traductarum
1461 4299 1533 4359 tan-

362 4405 436 4464 tum
467 4424 539 4467 esse
569 4425 760 4468 numerum.
808 4404 948 4467 minime
980 4404 1071 4467 enirn
1095 4403 1282 4468 uerisimile
1306 4407 1358 4468 est
1375 4403 1532 4466 Verrium

360 4509 395 4571 in
421 4511 642 4595 excerpendis
659 4511 821 4574 Varronis
846 4510 1060 4594 aliorumque
1091 4511 1189 4574 libris
1212 4515 1284 4574 tam
1308 4510 1534 4594 neglegenter

362 4619 535 4679 uersatum
561 4639 642 4695 3333,
668 4622 707 4681 31
732 4639 893 4700 inagnum
915 4619 1182 4701 explicationurn
1204 4641 1382 4682 numerum
1404 4623 1533 4681 temere
