3670 5476
802 447 961 536 ja-

295 677 396 739 quem
420 657 462 720 de
485 657 586 720 fastis
606 655 748 738 reliquit
770 649 956 738 (1,12,12),
982 653 1126 716 Fuluius
1142 653 1301 717 Nobilior
1315 653 1353 716 in
1367 653 1467 716 fastis

297 760 383 844 (ibid.
407 759 467 844 16),
500 763 603 826 Nisus
634 765 670 825 in
702 763 957 827 commentariis
987 763 1156 825 fastorum
1188 756 1274 844 (ibid.
1302 756 1370 842 30);
1408 781 1469 824 cur

297 863 484 953 numquam
501 869 600 934 Verri
623 870 706 932 lasti
737 869 957 933 excitantur?
992 868 1061 932 alio
1092 869 1127 931 in
1159 868 1235 932 loco
1266 867 1367 932 aliter
1397 867 1469 949 egit

297 977 504 1053 Macrobius,
536 997 683 1059 namque
714 976 762 1039 ibi
794 971 835 1059 (1,
851 981 880 1053 4,
897 971 926 1058 7)
951 977 994 1040 de
1018 975 1259 1038 Saturnalibus
1276 975 1375 1039 Verri
1398 995 1469 1040 scn-

297 1085 443 1148 tentiam
468 1085 600 1168 profert
624 1075 728 1167 atque
752 1084 866 1148 addit:
906 1081 1037 1146 Verrius
1061 1081 1199 1146 Fluctus
1228 1080 1264 1145 111
1294 1102 1328 1145 10
1358 1081 1469 1162 libello,

298 1189 353 1271 qai
370 1190 530 1254 saturans
548 1189 745 1255 ioscrr'bitnr.
785 1193 995 1274 quapropter
1013 1211 1030 1254 e
1046 1189 1223 1254 Macrobio
1239 1189 1379 1253 minime
1396 1210 1470 1253 con·

299 1300 369 1361 stat
385 1297 543 1361 Verrium
566 1299 603 1360 111
626 1298 735 1362 fastos
765 1298 885 1382 populi
908 1298 948 1360 R.
974 1298 1257 1361 commentarium
1286 1297 1470 1381 scripsisse.

405 1405 513 1469 Plane
543 1426 669 1468 nouam
700 1427 782 1469 uero
813 1406 850 1468 in
880 1407 945 1468 hac
976 1426 1011 1470 11
1035 1404 1244 1468 sententiam
1268 1425 1337 1467 non
1361 1403 1471 1467 multo

300 1513 425 1577 abhinc
448 1514 603 1595 tempore
628 1513 838 1595 exprompsit
862 1512 1083 1576 Hermannus
1100 1511 1264 1575 Winther
1291 1511 1385 1576 edita
1409 1511 1472 1574 dis·

300 1619 491 1702 putatione,
517 1639 604 1702 quae
629 1620 782 1703 praefert
805 1619 947 1682 titulum
973 1618 1024 1681 Ile
1046 1617 1143 1697 fastis
1162 1618 1270 1682 Verrii
1293 1616 1410 1682 Flacci
1433 1617 1473 1681 ob

305 1724 420 1790 Ouidio
443 1724 639 1810 1111111111).
681 1728 777 1790 cuius
800 1726 913 1790 libelli
937 1730 1057 1790 auctor
1076 1725 1159 1809 quid
1176 1726 1241 1789 sibi
1257 1725 1474 1810 proposuerit

302 1833 412 1896 libelli
436 1833 561 1896 titulus
585 1834 668 1898 satis
693 1833 876 1916 eloquitur.
917 1836 1094 1917 comparat
1111 1834 1201 1897 enim
1221 1835 1313 1898 inter
1331 1854 1366 1897 se
1384 1833 1474 1916 frag-

302 1942 418 2004 menta
448 1941 617 2004 fastorum
634 1940 887 2018 Verrianorum,
921 1940 1026 2005 Ouidi
1057 1941 1166 2004 fastos
1190 1941 1284 2004 Festi
1307 1940 1475 2023 Paulique

303 2047 468 2110 delestis
492 2047 622 2130 glossas
646 2051 750 2130 atque
774 2069 938 2131 magnum
962 2068 1063 2131 saepe
1085 2047 1315 2131 deprehendit
1338 2069 1475 2111 consen-

303 2174 388 2216 sum.
435 2158 472 2217 11
495 2175 536 2218 ex
565 2155 666 2218 docto
693 2155 769 2218 uiro
799 2175 962 2237 quaerere
994 2155 1108 2231 uelim,
1140 2177 1222 2217 num
1255 2158 1356 2238 putet
1385 2156 1476 2219 inter

229 2342 231 2346 .
304 2261 456 2324 diuersos
496 2261 710 2325 diuersorum
745 2263 967 2346 scriptorum¹
990 2262 1026 2324 111
1064 2262 1173 2325 fastos
1213 2262 1476 2327 commentarios

304 2388 466 2451 magnum
496 2369 679 2432 discrimen
708 2369 824 2432 fuisse.
879 2369 994 2446 11111110,
1026 2371 1068 2432 de
1091 2368 1191 2432 fastis
1220 2369 1377 2433 doctrina
1407 2391 1476 2432 non

304 2474 417 2537 minus
440 2475 615 2539 tralaticia
639 2479 713 2540 erat
737 2497 776 2539 ac
801 2477 843 2540 de
867 2476 1092 2558 grammatica
1116 2475 1312 2558 eloquentia
1333 2476 1476 2559 aliisque

304 2581 406 2646 rebus
438 2583 635 2665 cognitione
667 2583 791 2666 dignis.
844 2583 929 2646 fasti
964 2604 1046 2647 uero
1083 2603 1159 2646 cum
1193 2583 1231 2645 in
1266 2583 1338 2648 dies
1369 2583 1477 2666 magis

305 2690 481 2772 magisque
501 2692 718 2772 augerentur,
740 2691 839 2754 nouis
855 2690 1001 2754 subinde
1018 2690 1272 2754 commentariis
1289 2711 1374 2773 opus
1393 2693 1476 2767 erat,

306 2797 365 2878 qui
388 2797 498 2859 auctis
521 2797 622 2860 fastis
645 2799 902 2880 responderent.
942 2800 1097 2861 attamen
1117 2797 1256 2860 minime
1279 2798 1477 2880 negauerim

307 2924 373 2979 eoa,
414 2902 472 2985 qui
507 2905 770 2968 commentarios
804 2904 1051 2981 retractabant,
1091 2904 1210 2967 relatis
1245 2905 1478 2987 antiquiorum

307 3012 487 3073 auctorum
517 3011 698 3074 sententiis
723 3011 1009 3094 opinionibusque
1040 3033 1108 3075 non
1136 3031 1244 3074 nouas
1269 3032 1402 3094 quoque
1427 3033 1479 3075 ex·

307 3117 511 3200 plicationes
539 3117 756 3199 protulisse.
788 3119 836 3182 sio
869 3139 969 3202 saepe
1002 3119 1168 3182 dissensio
1203 3119 1373 3200 quaedam
1404 3123 1480 3182 orta

308 3226 369 3301 est,
401 3245 489 3306 quae
513 3246 532 3287 a
556 3225 802 3308 posterioribus
826 3225 1051 3308 scriptoribus
1082 3247 1151 3289 non
1176 3225 1323 3303 sublata,
1356 3227 1413 3290 sed
1440 3247 1479 3289 10

309 3331 410 3394 modo
434 3335 624 3415 propagata
648 3335 720 3409 est·
742 3336 782 3396 ut
811 3333 1024 3396 diuersarum
1049 3333 1298 3396 sententiarum
1322 3335 1480 3397 auctores

309 3441 562 3502 enumerentur.
604 3449 672 3521 quo
699 3440 831 3503 factum
861 3442 913 3503 est
936 3442 976 3502 ut
999 3439 1195 3503 Macrobius
1219 3459 1353 3522 quoque
1377 3460 1480 3522 quan-

310 3545 388 3608 dam
407 3545 509 3607 Fului
525 3545 559 3607 N
561 3545 713 3609 obilieris
730 3547 937 3610 sententiam
955 3547 1100 3610 adferat.
1141 3549 1292 3611 ceterum
1312 3547 1481 3610 fastorum

309 3650 415 3714 libros
450 3652 602 3715 omnium
637 3654 710 3717 fere
742 3654 900 3717 manibus
934 3654 1036 3717 tritos
1066 3653 1173 3717 fuisse
1204 3653 1350 3718 Ouidius
1381 3675 1481 3736 saepe

310 3758 450 3822 indicat.
498 3761 618 3824 1011111
641 3781 767 3842 quaeso
790 3762 853 3824 hos
877 3781 1012 3824 uersus:

400 3872 430 3940 3,
444 3872 484 3928 87
516 3873 600 3948 quod
624 3874 651 3929 si
673 3873 755 3930 forte
779 3891 884 3943 uaeas,
909 3874 1088 3948 peregrinos
1112 3873 1232 3947 inspice
1255 3873 1372 3930 fastos:

569 3981 687 4037 mensis
711 3981 744 4036 in
767 3981 816 4037 his
841 3982 937 4038 etiam
960 3980 1088 4037 nomine
1111 3980 1221 4037 Martis
1246 3981 1313 4037 erit.

402 4089 430 4156 6,
447 4087 486 4144 59
517 4088 646 4162 inspice,
673 4105 750 4163 quos
774 4089 891 4145 habeat
914 4088 1081 4145 nemoralis
1107 4088 1210 4144 Aricia
1232 4087 1333 4144 fastos

569 4197 601 4250 et
623 4194 758 4269 populus
782 4195 921 4252 Laurens
945 4195 1186 4270 Lanuuiumque
1209 4212 1331 4252 meum:

527 4301 661 4358 estillic
685 4302 803 4358 mensis
828 4302 991 4359 Iunonius.
1039 4303 1158 4376 inspice
1176 4302 1273 4359 Tibur

571 4411 603 4464 et
625 4408 848 4465 Praenestinae
872 4409 997 4465 moenia
1021 4426 1110 4466 sacra
1133 4409 1225 4466 deae:

526 4515 679 4572 Iunonale
704 4516 788 4590 leges
812 4519 949 4590 tempus.

421 4629 440 4696 1)
457 4628 582 4682 seronni
601 4633 678 4686 mss.
