3670 5476
806 541 834 544 ,
858 455 911 544 li.

289 664 394 728 libros
410 667 639 749 excerpendos
657 666 722 730 sibi
738 667 949 750 sumpsisset,
967 668 1060 731 haud
1073 668 1178 732 semel
1190 667 1317 732 Verani
1333 688 1458 731 nomen

288 771 420 854 legeret
436 776 480 848 et,
504 776 544 836 ut
568 773 808 837 delectabatur
831 778 1011 839 auctorum
1035 774 1230 838 nominibus
1250 774 1457 851 adimendis,

290 878 576 963 explicationibus
611 881 680 944 suis
715 881 894 945 intexeret.
948 903 1028 944 nam
1063 882 1260 965 saepissime
1290 881 1322 946 ei
1357 901 1458 965 agere

289 985 449 1070 placebat
480 988 544 1050 hac
579 987 727 1060 ratione,
762 1009 849 1070 quae
888 989 971 1053 satis
1010 1009 1179 1072 superque
1214 987 1459 1072 comprobatur

288 1093 417 1156 illustri
440 1092 502 1157 illa
525 1094 646 1177 glossa,
672 1116 759 1177 quae
784 1099 836 1160 est
859 1121 888 1176 p.
908 1103 982 1171 266,
999 1103 1037 1158 13
1062 1103 1222 1158 Romam
1246 1098 1281 1160 et
1305 1095 1377 1158 sola
1392 1094 1458 1158 for-

288 1204 379 1264 tasse
403 1222 423 1263 a
447 1201 549 1264 Festo
574 1202 707 1264 minuta
731 1223 800 1266 non
824 1206 886 1266 est.
934 1203 1073 1267 semotis
1097 1203 1165 1266 iam
1186 1202 1315 1266 Verani
1339 1204 1374 1266 et
1397 1203 1458 1266 La-

289 1307 407 1371 beonis
445 1307 541 1371 libris
576 1313 709 1372 restant
746 1292 937 1393 Capitonis,
974 1311 1098 1392 quibus
1129 1309 1287 1373 Verrium
1323 1310 1458 1393 saepius

290 1435 387 1478 usum
413 1436 485 1479 esse
506 1416 631 1480 docent
650 1417 855 1481 coniunctae
879 1417 959 1480 illae
983 1420 1053 1482 tres
1077 1418 1209 1500 glossae
1233 1440 1265 1501 p.
1284 1420 1458 1492 23s11—

290 1526 363 1598 238,
382 1527 423 1584 20
453 1526 488 1586 et
518 1523 606 1587 aliae
631 1524 718 1587 duae
743 1524 886 1606 glossae,
918 1545 1002 1606 quas
1032 1525 1115 1588 item
1140 1545 1243 1608 supra
1266 1522 1458 1608 perscripsi.

288 1630 405 1712 itaque
433 1631 461 1692 si
485 1629 538 1692 his
565 1629 742 1714 Capitonis
773 1630 870 1695 libris
900 1632 1030 1714 glossas
1061 1632 1161 1695 modo
1186 1630 1379 1715 propositas
1401 1630 1459 1693 tri·

289 1736 390 1799 buam
415 1757 484 1800 non
508 1737 609 1800 nimis
634 1738 847 1802 confidenter
872 1739 1024 1802 iudicare
1048 1738 1133 1800 mihi
1157 1738 1287 1802 uideor.

396 1849 424 1904 3.
466 1843 576 1928 Supra
607 1846 724 1908 monui
755 1845 945 1908 hostiarum
980 1845 1112 1928 glossas
1142 1866 1242 1928 saepe
1274 1866 1351 1908 cum
1383 1843 1459 1907 aliis

288 1951 409 2032 glossis
445 1951 548 2014 sacris
580 1952 780 2015 coniunctas
812 1973 893 2016 esse.
940 1953 1032 2016 inter
1068 1953 1129 2016 has
1165 1953 1312 2036 primum
1343 1952 1458 2015 locum

289 2059 448 2122 obtinent
465 2058 719 2141 explicationes,
745 2047 831 2142 quae
856 2060 900 2122 ad
919 2061 1064 2142 auguria
1083 2062 1241 2144 spectant
1261 2062 1296 2123 et
1320 2061 1459 2142 propter

289 2166 422 2249 copiam
447 2168 481 2228 et
505 2166 747 2229 austeritatem
775 2166 914 2229 maximi
938 2170 1019 2229 sunt
1043 2166 1218 2230 momenti.
1265 2185 1349 2248 quas
1373 2165 1458 2249 glos·

289 2293 356 2350 sas,
385 2273 547 2354 quoniam
579 2272 730 2336 aPaulo
754 2273 910 2356 Regellio
941 2296 1011 2336 una
1037 2294 1112 2337 cum
1139 2272 1261 2336 ceteris
1292 2272 1458 2336 librorum

290 2379 507 2462 auguralium
529 2380 732 2461 fragmentis
753 2383 936 2463 congestae
960 2384 995 2444 et
1019 2381 1213 2464 propositae
1237 2382 1319 2443 sunt
1330 2377 1361 2461 ¹),
1387 2401 1458 2462 gra·

288 2490 360 2549 tam
393 2507 445 2550 me
469 2487 527 2548 uix
552 2487 710 2568 cuiquam
735 2507 807 2551 rem
833 2488 1007 2550 facturum
1032 2508 1104 2551 esse
1129 2507 1260 2563 censeo,
1293 2486 1321 2550 si
1346 2486 1458 2550 denuo

290 2593 470 2676 collegero.
518 2613 669 2656 mearum
701 2615 783 2657 uero
808 2595 959 2677 partium
984 2615 1056 2658 esse
1080 2594 1225 2670 videtur,
1258 2596 1297 2655 ut
1321 2593 1380 2676 qui
1403 2593 1459 2656 ha-

288 2721 364 2762 rum
388 2699 577 2782 glossarum
603 2703 760 2765 auctores
781 2702 913 2766 fuerint
936 2702 1117 2784 inquiram.
1165 2721 1204 2764 ac
1224 2700 1372 2784 primum
1388 2700 1458 2782 qui-

290 2808 367 2871 dem
391 2807 570 2871 uideamus
595 2809 637 2872 de
661 2808 792 2890 glossis,
825 2809 949 2891 quibus
973 2808 1148 2892 fulgorum
1173 2808 1310 2872 diuersa
1333 2827 1460 2890 genera

290 2914 516 2998 explicantur.
564 2936 642 2979 curn
673 2915 726 2978 his
757 2916 1045 2980 Reitzensteinius
1077 2915 1221 2999 ancipiti
1245 2915 1357 2979 Marte
1387 2935 1458 2978 rem

290 3021 376 3104 egit,
409 3042 489 3084 nam
521 3023 621 3086 modo
653 3044 768 3086 earum
801 3021 965 3106 plurimas
997 3022 1165 3087 Caecinae
1200 3023 1302 3086 modo
1332 3021 1460 3086 maiore

291 3150 368 3191 cum
402 3129 612 3193 confidentia
638 3126 751 3194 Ateio*
770 3129 931 3213 Capitoni
964 3131 1157 3194 uindicauit
1188 3126 1230 3213 (p.
1256 3133 1297 3192 26
1330 3133 1364 3194 et
1396 3125 1459 3210 53).

290 3256 376 3318 quae
401 3237 565 3300 dissensio
596 3238 676 3301 inde
707 3242 790 3300 nata
821 3241 885 3314 est,
918 3238 1008 3320 quod
1038 3237 1125 3300 aliae
1150 3236 1396 3321 explicationes
1420 3257 1460 3299 ac

291 3343 472 3427 praecipue
496 3365 566 3421 eae,
597 3363 684 3426 quae
715 3345 749 3406 in
776 3344 893 3427 primis
921 3324 1116 3408 litterarum
1140 3365 1277 3406 suarum
1304 3343 1460 3427 partibus

290 3450 422 3533 positae
446 3454 540 3527 sunt,
571 3452 691 3515 eadem
722 3472 783 3515 nos
808 3453 850 3516 de
873 3452 1068 3535 fulgoribus
1093 3452 1218 3515 docent
1249 3471 1288 3514 ac
1313 3450 1460 3533 quaein

291 3556 439 3620 Senecae
464 3557 731 3636 Quaestionibus
755 3559 972 3623 naturalibus
1003 3579 1020 3632 e
1046 3559 1212 3623 Caecinae
1238 3559 1279 3622 de
1304 3558 1461 3622 Etrusco·

289 3684 365 3725 rum
383 3664 565 3748 disciplina
587 3664 676 3728 libro
693 3667 818 3729 hausta
837 3666 992 3748 legimus,
1019 3666 1107 3730 aliae
1132 3685 1258 3747 eaeque
1282 3665 1318 3730 in
1343 3664 1460 3729 alteris

290 3770 484 3834 litterarum
516 3772 672 3854 partibus
702 3773 834 3857 positae
863 3774 948 3837 adeo
972 3772 1094 3856 glossis
1119 3794 1136 3836 e
1162 3771 1339 3856 Capitonis
1363 3771 1461 3836 libris

289 3878 453 3962 profectis
484 3879 638 3942 irretitae
669 3884 759 3955 sunt,
791 3883 831 3942 ut
854 3881 1060 3963 quicumque
1091 3880 1278 3943 alterarum
1310 3879 1461 3962 partium

290 3986 572 4069 compositionem
597 3988 756 4070 pernouit
777 3988 839 4051 has
859 3987 989 4070 glossas
1012 3988 1145 4071 seiungi
1166 3989 1273 4050 uetet.
1313 3986 1462 4069 exempli

290 4093 402 4176 gratia
425 4092 541 4157 indico
564 4094 704 4176 glossas,
730 4115 816 4176 quae
841 4094 1005 4177 leguntur
1029 4118 1060 4179 p.
1079 4099 1153 4171 245,
1171 4097 1325 4156 14—23:
1351 4093 1462 4177 prima

399 4285 418 4352 ¹)
438 4283 470 4338 P.
483 4283 589 4353 Regell.
609 4287 774 4351 Fruprnenta
792 4287 948 4351 ccuparalic.
968 4284 1229 4341 Ceruimonti1882.
1253 4284 1370 4353 primam
1390 4284 1462 4352 l'rag·

290 4377 445 4425 mentorum
470 4377 577 4442 partem
602 4373 675 4426 idem
702 4373 794 4426 addito
821 4375 1017 4427 commentario
1036 4373 1196 4428 retractavit
1216 4375 1463 4444 (dannamaria

290 4461 424 4513 librorum
452 4464 628 4528 azam-alam
655 4464 811 4529 fragmenta
841 4466 977 4530 specimen.
1016 4462 1112 4516 eodem
1141 4463 1158 4518 l.
1189 4465 1280 4531 1893).
1313 4462 1463 4517 Verrisnas

290 4549 391 4618 glossas
419 4550 513 4604 sedulo
540 4551 708 4620 composuit3
735 4551 826 4604 omisit
851 4552 933 4604 modo
962 4562 1053 4620 unam,
1079 4569 1148 4619 quae
1176 4556 1217 4605 est
1241 4569 1268 4620 p.
1286 4555 1347 4620 552,
1360 4554 1393 4607 18
1411 4551 1462 4606 Th.

291 4636 432 4706 Templi
452 4639 581 4710 figura.
